
@book{dietler09,
  title = {Colonial Encounters in {{Iberia}} and the {{Western Mediterranean}}: {{An}} Exploratory Framework},
  author = {Dietler, Michael},
  date = {2009},
}



@article{gomes_arruda18,
  title = {On the Edge of History? {{The Early Iron Age}} of Southern {{Portugal}}, between Texts and Archaeology},
  shorttitle = {On the Edge of History?},
  author = {Gomes, Francisco B. and Arruda, Ana Margarida},
  date = {2018-10},
  journaltitle = {World Archaeology},
  volume = {50},
  pages = {764--780},
  issn = {0043-8243},
  doi = {10.1080/00438243.2019.1604258}
}




@book{quinn19,
  title = {In Search of the {{Phoenicians}}},
  author = {Quinn, Josephine},
  date = {2019},
  publisher = {{Princeton University Press}},
  isbn = {0-691-19596-X}
}



@book{aubet01,
  title = {The {{Phoenicians}} and the {{West}}: Politics, Colonies and Trade},
  author = {Aubet, Maria Eugenia},
  date = {2001},
  publisher = {{Cambridge Univ. Press}},
  isbn = {0-521-79161-8}
}



@article{markoe05,
  title = {Phoenicians. {{London}}: {{The British Museum}}},
  author = {Markoe, G. E.},
  date = {2005},
}



@book{arruda09,
  title = {Phoenician Colonization on the {{Atlantic Coast}} of the {{Iberian Peninsula}}},
  author = {Arruda, Ana Margarida},
  date = {2009},
  publisher = {{Chicago: The University of Chicago Press, 2009.}},
  isbn = {0-226-14847-5}
}



@article{wood_etal19,
  title = {From {{Iberia}} to the {{Southern Levant}}: {{The Movement}} of {{Silver Across}} the {{Mediterranean}} in the {{Early Iron Age}}},
  author = {Wood, Jonathan R. and Montero-Ruiz, Ignacio and Martin\'{o}n-Torres, Marcos},
  date = {2019-03},
  journaltitle = {Journal of World Prehistory},
  volume = {32},
  pages = {1--31},
  issn = {1573-7802},
  doi = {10.1007/s10963-018-09128-3}
}

@article{renzi_etal12,
  title = {Riflessioni Sulla Metallurgia Fenicia Dell'argento Nella {{Penisola Iberica}}},
  author = {Renzi, Martina and Rovira Llorens, Salvador and Montero Ruiz, Ignacio},
  date = {2012},
}

@article{eshel_etal19,
  title = {Lead Isotopes in Silver Reveal Earliest {{Phoenician}} Quest for Metals in the West {{Mediterranean}}},
  author = {Eshel, Tzilla and Erel, Yigal and Yahalom-Mack, Naama and Tirosh, Ofir and Gilboa, Ayelet},
  date = {2019-03},
  journaltitle = {Proc Natl Acad Sci USA},
  volume = {116},
  pages = {6007},
  doi = {10.1073/pnas.1817951116}
}

@article{wagner_alvar89,
  title = {Fenicios En {{Occidente}}: La Colonizaci\'{o}n Agr\'{i}cola},
  author = {Wagner, Carlos Gonz\'{a}lez and Alvar, Jaime},
  date = {1989},
  journaltitle = {Rivista di Studi Fenici},
  volume = {17},
  pages = {61--102},
  number = {1}
}

@article{wagner_alvar03,
  title = {La Colonizaci\'{o}n Agr\'{i}cola En La {{Pen\'{i}nsula Ib\'{e}rica}}. {{Estado}} de La Cuesti\'{o}n y Nuevas Perspectivas},
  author = {Wagner, Carlos G and Alvar, Jaime},
  date = {2003},
  journaltitle = {Ecohistoria del paisaje agrario. La agricultura fenicio-p\'{u}nica en el Mediterr\'{a}neo},
  volume = {95},
  pages = {187--204},
}

@article{manfredi92,
  title = {Le Saline et Il Sale Nel Mundo Punico},
  author = {Manfredi, L. I.},
  date = {1992},
  journaltitle = {Rivista di Studi Fenici},
  volume = {20},
  pages = {3--14},
}

@inproceedings{uriel00,
  title = {El Comercio de La P\'{u}rpura},
  booktitle = {Intercambio y Comercio Precl\'{a}sico En El {{Mediterr\'{a}neo}}: Actas Del {{I}} Coloquio Del {{CEFYP}}, {{Madrid}}, 9-12 de Noviembre, 1998},
  author = {Uriel, Pilar Fern\'{a}ndez},
  date = {2000},
  pages = {271--280},
  publisher = {{Centro de Estudios Fenicios y P\'{u}nicos}},
  isbn = {84-931207-6-6}
}

@article{treumann98,
  title = {The Role of Wood in the Rise and Decline of the {{Phoenician}} Settlements on the {{Iberian Peninsula}}.},
  author = {Treumann, Brigitte Warning},
  date = {1998},
}

@book{treumann09,
  title = {Lumbermen and {{Shipwrights}}: {{Phoenicians}} on the {{Mediterranean Coast}} of {{Southern Spain}}},
  author = {Treumann, Brigitte},
  date = {2009},
}

@article{arrastio99,
  title = {Conflictos y Perspectivas En El Periodo Precolonial Tart\'{e}sico},
  author = {Arrastio, Francisco Jos\'{e} Moreno},
  date = {1999},
  journaltitle = {Geri\'{o}n. Revista de Historia Antigua},
  volume = {17},
  pages = {149},
}

@inproceedings{arrastio00,
  title = {Tartessos, Estelas, Modelos Pesimistas},
  booktitle = {Intercambio y Comercio Precl\'{a}sico En El {{Mediterr\'{a}neo}}: Actas Del {{I}} Coloquio Del {{CEFYP}}, {{Madrid}}, 9-12 de Noviembre, 1998},
  author = {Arrastio, Francisco Jos\'{e} Moreno},
  date = {2000},
  pages = {153--174},
  publisher = {{Centro de Estudios Fenicios y P\'{u}nicos}},
  isbn = {84-931207-6-6}
}

@article{arruda03,
  title = {Contributo Da Coloniza\c{c}\~{a}o Fen\'{i}cia Para a Domestica\c{c}\~{a}o Da Terra Portuguesa},
  author = {Arruda, Ana Margarida},
  date = {2003},
  journaltitle = {Ecohistoria del paisaje agrario-la agricultura fenicio-p\'{u}nica en el mediterr\'{a}neo},
  paes = {205--217},

}

@article{neville98,
  title = {The {{Phoenicians}} in {{Iberia}}: {{Settlements}}, {{Cemetries}}, {{Trade}} and {{Agriculture}}},
  author = {Neville, Ann},
  date = {1998},
}

@book{roller14,
  title = {The Geography of {{Strabo}}: {{An English}} Translation, with Introduction and Notes},
  author = {Roller, Duane W.},
  date = {2014},
  publisher = {{Cambridge University Press}},
  isbn = {1-139-95249-8}
}

@article{martin71,
  title = {Recherches Sur Les Agronomes Latins et Leurs Conceptions \'{E}conomiques et Sociales},
  author = {Martin, Ren\'{e}},
  date = {1971}
}

@incollection{gomezbellard19,
  title = {Agriculture},
  booktitle = {The {{Oxford Handbook}} of {{The Phoenician}} and {{Punic Mediterranean}}},
  author = {G\'{o}mez Bellard, Carlos},
  date = {2019-10},
  pages = {732--745},
  publisher = {{Oxford University Press}},
  isbn = {978-0-19-049934-1},
  langid = {english}
}

@article{davis07,
  title = {The Mammals and Birds from the {{Iron Age}} and {{Roman}} Periods of {{Castro Marim}}, {{Algarve}}, {{Portugal}}},
  author = {Davis, Simon},
  date = {2007},
  journaltitle = {Trabalhos do CIPA},
  volume = {107}
}

@book{queiroz_etal06,
  title = {Castro {{Marim}} e o Seu Territ\'{o}rio Imediato Durante a {{Antiguidade}}. {{Paleo}}-Etno-{{Bot\^{a}nica}}. {{Relat\'{o}rio Final}}.},
  author = {Queiroz, Paula and Mateus, Jos\'{e} and Leeuwaarden, Wim and Pereira, Telmo and Dise, David},
  date = {2006-01},
  doi = {10.13140/RG.2.2.25361.63848}
}

@article{arruda_etal13,
  title = {A Cronologia Relativa e Absoluta Da Ocupa\c{c}\~{a}o Sid\'{e}rica Do {{Castelo}} de {{Castro Marim}}},
  author = {Arruda, Ana Margarida and Soares, Ant\'{o}nio Monge and de Freitas, Vera Teixeira and Oliveira, Carlos Filipe and Martins, Jos\'{e} Manuel M and Portela, Paulo JC},
  date = {2013},
  journaltitle = {Saguntum},
  volume = {45},
  pages = {101--114},
  issn = {0210-3729},
}

@incollection{arruda96,
  title = {O {{Castelo}} de {{Castro Marim}}},
  booktitle = {In {{De Ulisses}} a {{Viriato}}. {{O}} Primeiro Mil\'{e}nio a.{{C}}..},
  author = {Arruda, Ana Margarida},
  date = {1996},
  pages = {95--100},
  publisher = {{Minist\'{e}rio da Cultura, Instituto Portugu\^{e}s de Museus, Museu Nacional de Arqueologia}},
  location = {{Lisboa}}
}

@article{arruda_freitas08,
  title = {O Castelo de Castro Marim durante os s\'{e}culos VI e V a.n.e.},
  author = {Arruda, Ana Margarida and de Freitas, Vera Teixeira},
  date = {2008},
  journaltitle = {Sidereum Ana I: El r\'{i}o Guadiana en \'{e}poca Post-Orientalizante.},
  pages = {429--446},
  url = {https://repositorio.ul.pt/handle/10451/9778}
}

@article{arruda_etal06,
  title = {A Importa\c{c}\~{a}o de Preparados de Peixe Em {{Castro Marim}}: Da {{Idade}} Do {{Ferro}} \'{a} {{\'{E}poca Romana}}},
  author = {Arruda, Ana Margarida and Viegas, Catarina and Barg\~{a}o, Patr\'{o}cia and Pereira, Raul},
  date = {2006},
  journaltitle = {Set\'{u}bal Arqueol\'{o}gica},
  volume = {13},
  pages = {153--176}
}

@book{niemeyer84,
  title = {Die {{Ph\"{o}nizier}} Und Die {{Mittelmeerwelt}} Im {{Zeitalter Homers}}},
  author = {Niemeyer, Hans Georg},
  date = {1984},
  publisher = {{Jahrbuch des R\"{o}misch-Germanischen Zentralmuseums}}
}

@article{price_etal17,
  title = {Stable Isotopes and Discriminating Tastes: {{Faunal}} Management Practices at the {{Late Bronze Age}} Settlement of {{Mycenae}}, {{Greece}}},
  shorttitle = {Stable Isotopes and Discriminating Tastes},
  author = {Price, Gypsy C. and Krigbaum, John and Shelton, Kim},
  date = {2017-08},
  journaltitle = {Journal of Archaeological Science: Reports},
  volume = {14},
  pages = {116--126},
  issn = {2352-409X},
  doi = {10.1016/j.jasrep.2017.05.034}
}

@article{deniro_epstein78,
  title = {Influence of Diet on the Distribution of Carbon Isotopes in Animals},
  author = {DeNiro, Michael J. and Epstein, Samuel},
  date = {1978-05},
  journaltitle = {Geochimica et Cosmochimica Acta},
  volume = {42},
  pages = {495--506},
  issn = {0016-7037},
  doi = {10.1016/0016-7037(78)90199-0}
}

@article{farquhar_etal89,
  title = {Carbon {{Isotope Discrimination}} and {{Photosynthesis}}},
  author = {Farquhar, G D and Ehleringer, J R and Hubick, K T},
  date = {1989-06},
  journaltitle = {Annu. Rev. Plant. Physiol. Plant. Mol. Biol.},
  volume = {40},
  pages = {503--537},
  issn = {1040-2519},
  doi = {10.1146/annurev.pp.40.060189.002443}
}

@article{kohn10,
  title = {Carbon Isotope Compositions of Terrestrial {{C3}} Plants as Indicators of (Paleo)Ecology and (Paleo)Climate},
  author = {Kohn, Matthew J.},
  date = {2010-11},
  journaltitle = {Proc Natl Acad Sci U S A},
  volume = {107},
  pages = {19691--19695},
  issn = {0027-8424},
  doi = {10.1073/pnas.1004933107}
}



@article{tieszen91,
  title = {Natural Variations in the Carbon Isotope Values of Plants: {{Implications}} for Archaeology, Ecology, and Paleoecology},
  shorttitle = {Natural Variations in the Carbon Isotope Values of Plants},
  author = {Tieszen, Larry L.},
  date = {1991-05},
  journaltitle = {Journal of Archaeological Science},
  volume = {18},
  pages = {227--248},
  issn = {0305-4403},
  doi = {10.1016/0305-4403(91)90063-U}
}



@article{fernandez-crespo_etal19,
  title = {A Snapshot of Subsistence in {{Iron Age Iberia}}: {{The}} Case of {{La Hoya}} Village},
  shorttitle = {A Snapshot of Subsistence in {{Iron Age Iberia}}},
  author = {Fern\'{a}ndez-Crespo, Teresa and Ordo\~{n}o, Javier and Bogaard, Amy and Llanos, Armando and Schulting, Rick},
  date = {2019-12},
  journaltitle = {Journal of Archaeological Science: Reports},
  volume = {28},
  pages = {102037},
  issn = {2352-409X},
  doi = {10.1016/j.jasrep.2019.102037}
}



@incollection{leegood13,
  title = {Photosynthesis},
  booktitle = {Encyclopedia of {{Biological Chemistry}} ({{Second Edition}})},
  author = {Leegood, R. C.},
  editor = {Lennarz, William J. and Lane, M. Daniel},
  date = {2013-01},
  pages = {492--496},
  publisher = {{Academic Press}},
  location = {{Waltham}},
  doi = {10.1016/B978-0-12-378630-2.00049-9}
}



@article{froehle_etal10,
  title = {{{FOCUS}}: Effect of Diet and Protein Source on Carbon Stable Isotope Ratios in Collagen: Follow up to {{Warinner}} and {{Tuross}} (2009)},
  shorttitle = {{{FOCUS}}},
  author = {Froehle, A. W. and Kellner, C. M. and Schoeninger, M. J.},
  date = {2010-10},
  journaltitle = {Journal of Archaeological Science},
  volume = {37},
  pages = {2662--2670},
  issn = {0305-4403},
  doi = {10.1016/j.jas.2010.06.003}
}



@article{kellner_schoeninger07,
  title = {A Simple Carbon Isotope Model for Reconstructing Prehistoric Human Diet},
  author = {Kellner, Corina M. and Schoeninger, Margaret J.},
  date = {2007},
  journaltitle = {American Journal of Physical Anthropology},
  volume = {133},
  pages = {1112--1127},
  issn = {1096-8644},
  doi = {10.1002/ajpa.20618}
}



@article{deniro_epstein81,
  title = {Influence of Diet on the Distribution of Nitrogen Isotopes in Animals},
  author = {Deniro, Michael J and Epstein, Samuel},
  date = {1981-03},
  journaltitle = {Geochimica et Cosmochimica Acta},
  volume = {45},
  pages = {341--351},
  issn = {0016-7037},
  doi = {10.1016/0016-7037(81)90244-1}
}



@article{webb_etal17a,
  title = {The Influence of Varying Proportions of Terrestrial and Marine Dietary Protein on the Stable Carbon-Isotope Compositions of Pig Tissues from a Controlled Feeding Experiment},
  author = {Webb, Emily C. and Lewis, Jamie and Shain, Anika and Kastrisianaki-Guyton, Emma and Honch, Noah V. and Stewart, Alan and Miller, Bevis and Tarlton, John and Evershed, Richard P.},
  date = {2017-01},
  journaltitle = {STAR: Science \& Technology of Archaeological Research},
  volume = {3},
  pages = {28--44},
  issn = {null},
  doi = {10.1080/20548923.2016.1275477}
}



@article{bogaard_etal13,
  title = {Crop Manuring and Intensive Land Management by {{Europe}}'s First Farmers},
  author = {Bogaard, Amy and Fraser, Rebecca and Heaton, Tim H. E. and Wallace, Michael and Vaiglova, Petra and Charles, Michael and Jones, Glynis and Evershed, Richard P. and Styring, Amy K. and Andersen, Niels H. and Arbogast, Rose-Marie and Bartosiewicz, L\'{a}szl\'{o} and Gardeisen, Armelle and Kanstrup, Marie and Maier, Ursula and Marinova, Elena and Ninov, Lazar and Sch\"{a}fer, Marguerita and Stephan, Elisabeth},
  date = {2013-07},
  journaltitle = {PNAS},
  volume = {110},
  pages = {12589--12594},
  issn = {0027-8424, 1091-6490},
  doi = {10.1073/pnas.1305918110}
}



@article{fraser_etal13a,
  title = {Assessing Natural Variation and the Effects of Charring, Burial and Pre-Treatment on the Stable Carbon and Nitrogen Isotope Values of Archaeobotanical Cereals and Pulses},
  author = {Fraser, R. A. and Bogaard, A. and Charles, M. and Styring, A. K. and Wallace, M. and Jones, G. and Ditchfield, P. and Heaton, T. H. E.},
  date = {2013-12},
  journaltitle = {Journal of Archaeological Science},
  volume = {40},
  pages = {4754--4766},
  issn = {0305-4403},
  doi = {10.1016/j.jas.2013.01.032}
}




@article{hedges_reynard07,
  title = {Nitrogen Isotopes and the Trophic Level of Humans in Archaeology},
  author = {Hedges, Robert E. M. and Reynard, Linda M.},
  date = {2007-08},
  journaltitle = {Journal of Archaeological Science},
  volume = {34},
  pages = {1240--1251},
  issn = {0305-4403},
  doi = {10.1016/j.jas.2006.10.015}
}




@article{schoeninger85,
  title = {Trophic Level Effects on {{15N}}/{{14N}} and {{13C}}/{{12C}} Ratios in Bone Collagen and Strontium Levels in Bone Mineral},
  author = {Schoeninger, Margaret J.},
  date = {1985-07},
  journaltitle = {Journal of Human Evolution},
  volume = {14},
  pages = {515--525},
  issn = {00472484},
  doi = {10.1016/S0047-2484(85)80030-0}
}



@article{ferrio_etal05,
  title = {Water Management Practices and Climate in Ancient Agriculture: Inferences from the Stable Isotope Composition of Archaeobotanical Remains},
  shorttitle = {Water Management Practices and Climate in Ancient Agriculture},
  author = {Ferrio, Juan P. and Araus, Jos\'{e} Luis and Bux\'{o}, Ramon and Voltas, Jordi and Bort, Jordi},
  date = {2005-12},
  journaltitle = {Veget Hist Archaeobot},
  volume = {14},
  pages = {510--517},
  issn = {1617-6278},
  doi = {10.1007/s00334-005-0062-2}
}



@incollection{ferrio_etal07,
  title = {Reconstruction of {{Climate}} and {{Crop Conditions}} in the {{Past Based}} on the {{Carbon Isotope Signature}} of {{Archaeobotanical Remains}}},
  booktitle = {Terrestrial {{Ecology}}},
  author = {Ferrio, Juan Pedro and Voltas, Jordi and Alonso, Nat\'{a}lia and Araus, Jos\'{e} Luis},
  date = {2007-01},
  volume = {1},
  pages = {319--332},
  publisher = {{Elsevier}},
  doi = {10.1016/S1936-7961(07)01020-2}
}



@article{wallace_etal13,
  title = {Stable Carbon Isotope Analysis as a Direct Means of Inferring Crop Water Status and Water Management Practices},
  author = {Wallace, M. and Jones, G. and Charles, M. and Fraser, R. and Halstead, P. and Heaton, T. H. E. and Bogaard, A.},
  date = {2013-08},
  journaltitle = {World Archaeology},
  volume = {45},
  pages = {388--409},
  issn = {0043-8243},
  doi = {10.1080/00438243.2013.821671}
}



@article{bonafini_etal13,
  title = {Investigation of the 'Canopy Effect' in the Isotope Ecology of Temperate Woodlands},
  author = {Bonafini, M. and Pellegrini, M. and Ditchfield, P. and Pollard, A. M.},
  date = {2013-11},
  journaltitle = {Journal of Archaeological Science},
  volume = {40},
  pages = {3926--3935},
  issn = {0305-4403},
  doi = {10.1016/j.jas.2013.03.028}
}



@article{bogaard_etal07,
  title = {The Impact of Manuring on Nitrogen Isotope Ratios in Cereals: Archaeological Implications for Reconstruction of Diet and Crop Management Practices},
  shorttitle = {The Impact of Manuring on Nitrogen Isotope Ratios in Cereals},
  author = {Bogaard, A. and Heaton, T. H. E. and Poulton, P. and Merbach, I.},
  date = {2007-03},
  journaltitle = {Journal of Archaeological Science},
  volume = {34},
  pages = {335--343},
  issn = {0305-4403},
  doi = {10.1016/j.jas.2006.04.009}
}




@article{fraser_etal11,
  title = {Manuring and Stable Nitrogen Isotope Ratios in Cereals and Pulses: Towards a New Archaeobotanical Approach to the Inference of Land Use and Dietary Practices},
  shorttitle = {Manuring and Stable Nitrogen Isotope Ratios in Cereals and Pulses},
  author = {Fraser, Rebecca A. and Bogaard, Amy and Heaton, Tim and Charles, Michael and Jones, Glynis and Christensen, Bent T. and Halstead, Paul and Merbach, Ines and Poulton, Paul R. and Sparkes, Debbie and Styring, Amy K.},
  date = {2011-10},
  journaltitle = {Journal of Archaeological Science},
  volume = {38},
  pages = {2790--2804},
  issn = {0305-4403},
  doi = {10.1016/j.jas.2011.06.024}
}



@article{longin71,
  title = {New {{Method}} of {{Collagen Extraction}} for {{Radiocarbon Dating}}},
  author = {Longin, R.},
  date = {1971-03},
  journaltitle = {Nature},
  volume = {230},
  pages = {241--242},
  issn = {0028-0836, 1476-4687},
  doi = {10.1038/230241a0}
}



@article{richards_hedges99,
  title = {Stable {{Isotope Evidence}} for {{Similarities}} in the {{Types}} of {{Marine Foods Used}} by {{Late Mesolithic Humans}} at {{Sites Along}} the {{Atlantic Coast}} of {{Europe}}},
  author = {Richards, M. P. and Hedges, R. E. M.},
  date = {1999-06},
  journaltitle = {Journal of Archaeological Science},
  volume = {26},
  pages = {717--722},
  issn = {0305-4403},
  doi = {10.1006/jasc.1998.0387}
}



@book{rcoreteam20,
  title = {R: {{A Language}} and {{Environment}} for {{Statistical Computing}}},
  author = {{R Core Team}},
  date = {2020},
  publisher = {{R Foundation for Statistical Computing}},
  location = {{Vienna, Austria}},
  url = {https://www.R-project.org/}
}



@book{wickham16,
  title = {Ggplot2: {{Elegant Graphics}} for {{Data Analysis}}},
  author = {Wickham, Hadley},
  date = {2016},
  publisher = {{Springer-Verlag New York}},
  url = {https://ggplot2.tidyverse.org},
  isbn = {978-3-319-24277-4}
}



@article{farquhar_etal82,
  title = {On the {{Relationship Between Carbon Isotope Discrimination}} and the {{Intercellular Carbon Dioxide Concentration}} in {{Leaves}}},
  author = {Farquhar, Gd and O'Leary, Mh and Berry, Ja},
  date = {1982},
  journaltitle = {Functional Plant Biol.},
  volume = {9},
  pages = {121},
  issn = {1445-4408},
  doi = {10.1071/PP9820121}
}


@article{nehlich15,
  title = {The Application of Sulphur Isotope Analyses in Archaeological Research: {{A}} Review},
  shorttitle = {The Application of Sulphur Isotope Analyses in Archaeological Research},
  author = {Nehlich, Olaf},
  date = {2015-03},
  journaltitle = {Earth-Science Reviews},
  volume = {142},
  pages = {1--17},
  issn = {0012-8252},
  doi = {10.1016/j.earscirev.2014.12.002}
}


@article{hobson99,
  title = {Tracing Origins and Migration of Wildlife Using Stable Isotopes: A Review},
  shorttitle = {Tracing Origins and Migration of Wildlife Using Stable Isotopes},
  author = {Hobson, Keith A.},
  date = {1999-08-20},
  journaltitle = {Oecologia},
  shortjournal = {Oecologia},
  volume = {120},
  pages = {314--326},
  issn = {0029-8549, 1432-1939},
  doi = {10.1007/s004420050865}
}


@article{nitsch_etal19,
  title = {The {{Preservation}} and {{Interpretation}} of {{$\delta^{34}$S Values}} in {{Charred Archaeobotanical Remains}}},
  author = {Nitsch, E. K. and Lamb, A. L. and Heaton, T. H. E. and Vaiglova, P. and Fraser, R. and Hartman, G. and Moreno-Jim\'{e}nez, E. and L\'{o}pez-Pi\~{n}eiro, A. and Pe\~{n}a-Abades, D. and Fairbairn, A. and Eriksen, J. and Bogaard, A.},
  date = {2019},
  journaltitle = {Archaeometry},
  volume = {61},
  pages = {161--178},
  issn = {1475-4754},
  doi = {10.1111/arcm.12388}
}



@book{boessneck_etal64,
  title = {Osteologische {{Unterscheidungsmerkmale}} Zwischen {{Schaf}} ({{Ovis}} Aries {{Linn\'{e}}}) Und {{Ziege}} ({{Capra}} Hircus {{Linn\'{e}}})},
  author = {Boessneck, Joachim and M\"{u}ller, Hanns-Hermann and Teichert, Manfred},
  date = {1964},
  publisher = {{Verlag nicht ermittelbar}}
}



@article{payne69,
  title = {A Metrical Distinction between Sheep and Goat Metacarpals},
  author = {Payne, Sebastian},
  date = {1969},
  journaltitle = {The domestication and exploitation of plants and animals},
  pages = {295--305},
  publisher = {{Duckworth: London}}
}



@book{schramm67,
  title = {Morphological Differences of Some Goat and Sheep Bones},
  author = {Schramm, Zdzislawa},
  date = {1967},
  publisher = {{Wy\.{z}sza Szko\l{}a Rolnicza}}
}



@article{buckley_etal10,
  title = {Distinguishing between Archaeological Sheep and Goat Bones Using a Single Collagen Peptide},
  author = {Buckley, Mike and Whitcher Kansa, Sarah and Howard, Sarah and Campbell, Stuart and Thomas-Oates, Jane and Collins, Matthew},
  date = {2010-01},
  journaltitle = {Journal of Archaeological Science},
  volume = {37},
  pages = {13--20},
  issn = {0305-4403},
  doi = {10.1016/j.jas.2009.08.020}
}



@book{lyman94,
  title = {Vertebrate Taphonomy},
  author = {Lyman, R. Lee},
  date = {1994},
  publisher = {{Cambridge University Press}},
  isbn = {0-521-45840-4}
}


@article{weiner_bar-yosef90,
  title = {States of Preservation of Bones from Prehistoric Sites in the {{Near East}}: {{A}} Survey},
  shorttitle = {States of Preservation of Bones from Prehistoric Sites in the {{Near East}}},
  author = {Weiner, Stephen and Bar-Yosef, Ofer},
  date = {1990-03},
  journaltitle = {Journal of Archaeological Science},
  volume = {17},
  pages = {187--196},
  issn = {0305-4403},
  doi = {10.1016/0305-4403(90)90058-D}
}



@article{wright_schwarcz96,
  title = {Infrared and {{Isotopic Evidence}} for {{Diagenesis}} of {{Bone Apatite}} at {{Dos Pilas}}, {{Guatemala}}: {{Palaeodietary Implications}}},
  shorttitle = {Infrared and {{Isotopic Evidence}} for {{Diagenesis}} of {{Bone Apatite}} at {{Dos Pilas}}, {{Guatemala}}},
  author = {Wright, Lori E. and Schwarcz, Henry P.},
  date = {1996-11-01},
  journaltitle = {Journal of Archaeological Science},
  shortjournal = {Journal of Archaeological Science},
  volume = {23},
  pages = {933--944},
  issn = {0305-4403},
  doi = {10.1006/jasc.1996.0087}
}



@article{trueman_etal08,
  title = {Why Do Crystallinity Values Fail to Predict the Extent of Diagenetic Alteration of Bone Mineral?},
  author = {Trueman, Clive N. and Privat, Karen and Field, Judith},
  date = {2008-09-05},
  journaltitle = {Palaeogeography, Palaeoclimatology, Palaeoecology},
  shortjournal = {Palaeogeography, Palaeoclimatology, Palaeoecology},
  volume = {266},
  pages = {160--167},
  issn = {0031-0182},
  doi = {10.1016/j.palaeo.2008.03.038}
}


@article{hollund_etal13,
  title = {Testing an {{Alternative High}}-{{Throughput Tool}} for {{Investigating Bone Diagenesis}}: {{Ftir}} in {{Attenuated Total Reflection}} (Atr) {{Mode}}*},
  shorttitle = {Testing an {{Alternative High}}-{{Throughput Tool}} for {{Investigating Bone Diagenesis}}},
  author = {Hollund, H. I. and Ariese, F. and Fernandes, R. and Jans, M. M. E. and Kars, H.},
  date = {2013},
  journaltitle = {Archaeometry},
  volume = {55},
  pages = {507--532},
  issn = {1475-4754},
  doi = {10.1111/j.1475-4754.2012.00695.x}
}


@article{lebon_etal16,
  title = {Rapid {{Quantification}} of {{Bone Collagen Content}} by {{ATR}}-{{FTIR Spectroscopy}}},
  author = {Lebon, M. and Reiche, I. and Gallet, X. and Bellot-Gurlet, L. and Zazzo, A.},
  date = {2016-03},
  journaltitle = {Radiocarbon},
  volume = {58},
  pages = {131--145},
  issn = {0033-8222, 1945-5755},
  doi = {10.1017/RDC.2015.11}
}


@article{ambrose90,
  title = {Preparation and Characterization of Bone and Tooth Collagen for Isotopic Analysis},
  author = {Ambrose, Stanley H.},
  date = {1990-07},
  journaltitle = {Journal of Archaeological Science},
  volume = {17},
  pages = {431--451},
  issn = {0305-4403},
  doi = {10.1016/0305-4403(90)90007-R},
  url = {http://www.sciencedirect.com/science/article/pii/030544039090007R}
}



@article{deniro85,
  title = {Postmortem Preservation and Alteration of in Vivo Bone Collagen Isotope Ratios in Relation to Palaeodietary Reconstruction},
  author = {DeNiro, Michael J.},
  date = {1985-10},
  journaltitle = {Nature},
  volume = {317},
  pages = {806--809},
  publisher = {{Nature Publishing Group}},
  issn = {1476-4687},
  doi = {10.1038/317806a0}
}


@article{nehlich_richards09,
  title = {Establishing Collagen Quality Criteria for Sulphur Isotope Analysis of Archaeological Bone Collagen},
  author = {Nehlich, Olaf and Richards, Michael P.},
  date = {2009},
  journaltitle = {Archaeological and Anthropological Sciences},
  volume = {1},
  pages = {59--75},
  publisher = {{Springer}},
  doi = {10.1007/s12520-009-0003-6}
}



@article{vanklinken99,
  title = {Bone {{Collagen Quality Indicators}} for {{Palaeodietary}} and {{Radiocarbon Measurements}}},
  author = {van Klinken, G. J.},
  date = {1999-06},
  journaltitle = {Journal of Archaeological Science},
  volume = {26},
  pages = {687--695},
  issn = {0305-4403},
  doi = {10.1006/jasc.1998.0385}
}


@article{riehl09,
  title = {Archaeobotanical Evidence for the Interrelationship of Agricultural Decision-Making and Climate Change in the Ancient {{Near East}}},
  author = {Riehl, Simone},
  date = {2009-03-15},
  journaltitle = {Quaternary International},
  shortjournal = {Quaternary International},
  volume = {197},
  pages = {93--114},
  issn = {1040-6182},
  doi = {10.1016/j.quaint.2007.08.005}
}



@article{nitsch_etal15,
  title = {Calculating a Statistically Robust $\delta ^{13}C$  and $\delta ^{15}N$ Offset for Charred Cereal and Pulse Seeds},
  author = {Nitsch, E. K. and Charles, M. and Bogaard, A.},
  date = {2015-03},
  journaltitle = {STAR: Science \& Technology of Archaeological Research},
  volume = {1},
  pages = {1--8},
  issn = {null},
  doi = {10.1179/2054892315Y.0000000001}
}


@incollection{dixon06,
  title = {Origins and Diversity of {{Brassica}} and Its Relatives.},
  booktitle = {Vegetable Brassicas and Related Crucifers},
  author = {Dixon, G. R.},
  editor = {Dixon, G. R.},
  date = {2006},
  pages = {1--33},
  publisher = {{CABI}},
  location = {{Wallingford}},
  doi = {10.1079/9780851993959.0001}
}


@incollection{wilson16,
  title = {Spices and {{Flavoring Crops}}: {{Fruits}} and {{Seeds}}},
  shorttitle = {Spices and {{Flavoring Crops}}},
  booktitle = {Encyclopedia of {{Food}} and {{Health}}},
  author = {Wilson, L.},
  editor = {Caballero, Benjamin and Finglas, Paul M. and Toldrá, Fidel},
  date = {2016-01-01},
  pages = {73--83},
  publisher = {{Academic Press}},
  location = {{Oxford}},
  doi = {10.1016/B978-0-12-384947-2.00647-4}
}


@incollection{tobyn_etal11,
  title = {{{CHAPTER}} 9 - {{Apium}} Graveolens, Wild Celery},
  booktitle = {Medical {{Herbs}}},
  author = {Tobyn, Graeme and Denham, Alison and Whitelegg, Margaret},
  editor = {Tobyn, Graeme and Denham, Alison and Whitelegg, Margaret},
  date = {2011-01-01},
  pages = {79--89},
  publisher = {{Churchill Livingstone}},
  location = {{Edinburgh}},
  doi = {10.1016/B978-0-443-10344-5.00014-8}
}


@article{sturtevant86,
  title = {History of {{Celery}}},
  author = {Sturtevant, E. Lewis},
  date = {1886-07},
  journaltitle = {The American Naturalist},
  shortjournal = {The American Naturalist},
  volume = {20},
  pages = {599--606},
  issn = {0003-0147, 1537-5323},
  doi = {10.1086/274288}
}


@article{gale_carruthers00,
  title = {Charcoal and Charred Seed Remains from {{Middle Palaeolithic}} Levels at {{Gorham}}’s and {{Vanguard Caves}}},
  author = {Gale, Rowena and Carruthers, Wendy},
  date = {2000},
  journaltitle = {Neanderthals on the Edge. Oxford: Oxbow Books},
  pages = {207--210}
}



@article{haws04,
  title = {An {{Iberian}} Perspective on {{Upper Paleolithic}} Plant Consumption},
  author = {Haws, Jonathan},
  date = {2004-01},
  journaltitle = {Promontoria},
  volume = {2},
  pages = {49--106}
}



@incollection{rutter02,
  title = {Behaviour of {{Sheep}} and {{Goats}}},
  booktitle = {The Ethology of Domestic Animals: {{An}} Introductory Text},
  author = {Rutter, S Mark},
  date = {2002},
  volume = {145},
  pages = {148--155}
}



@article{cloern_etal02,
  title = {Stable Carbon and Nitrogen Isotope Composition of Aquatic and Terrestrial Plants of the {{San Francisco Bay}} Estuarine System},
  author = {Cloern, James E. and Canuel, Elizabeth A. and Harris, David},
  date = {2002},
  journaltitle = {Limnology and Oceanography},
  volume = {47},
  number = {3},
  pages = {713--729},
  issn = {1939-5590},
  doi = {10.4319/lo.2002.47.3.0713},
  url = {https://aslopubs.onlinelibrary.wiley.com/doi/abs/10.4319/lo.2002.47.3.0713}
}


@article{virginia_delwiche82,
  title = {Natural $ ^{15}N$ Abundance of Presumed $N_{2}$ -Fixing and Non-$N_{2}$-Fixing Plants from Selected Ecosystems},
  author = {Virginia, Ross A. and Delwiche, Constant Colin},
  date = {1982},
  journaltitle = {Oecologia},
  volume = {54},
  number = {3},
  pages = {317--325},
  publisher = {{Springer}},
  isbn = {0029-8549}
}


@article{heaton87,
  title = {The $ ^{15}N$/$ ^{14}N$ Ratios of Plants in {{South Africa}} and {{Namibia}}: Relationship to Climate and Coastal/Saline Environments},
  author = {Heaton, T. H. E.},
  date = {1987-12},
  journaltitle = {Oecologia},
  volume = {74},
  number = {2},
  pages = {236--246},
  issn = {1432-1939},
  doi = {10.1007/BF00379365},
  url = {https://doi.org/10.1007/BF00379365}
}


@article{ambrose91,
  title = {Effects of Diet, Climate and Physiology on Nitrogen Isotope Abundances in Terrestrial Foodwebs},
  author = {Ambrose, Stanley H.},
  date = {1991-05-01},
  journaltitle = {Journal of Archaeological Science},
  shortjournal = {Journal of Archaeological Science},
  volume = {18},
  number = {3},
  pages = {293--317},
  issn = {0305-4403},
  doi = {10.1016/0305-4403(91)90067-Y}
}



@article{perez-hurtado_etal97,
  title = {The Diet of Wintering Waders in C\'{a}diz Bay, Southwest Spain},
  author = {Perez-Hurtado, A. and Goss-Custard, J.D. and Garcia, F.},
  date = {1997-03-01},
  journaltitle = {Bird Study},
  volume = {44},
  number = {1},
  pages = {45--52},
  publisher = {{Taylor \& Francis}},
  issn = {0006-3657},
  doi = {10.1080/00063659709461037}
}


@article{bull_etal04,
  title = {Local-Scale Variability in the Diet of {{Black}}-Legged {{Kittiwakes Rissa}} Tridactyla},
  author = {Bull, J. and Wanless, S. and Elston, D. A. and Daunt, F. and Lewis, S. and Harris, M. P. and J, Bull and Wanless, S. and Elston, D. A. and Daunt, F. and Lewis, S. and Harris, M. P.},
  date = {2004},
  journaltitle = {Ardea},
  pages = {43--52}
}


@book{thompsonbyrkjedal10,
  title = {Tundra Plovers: The {{Eurasian}}, {{Pacific}} and {{American}} Golden Plovers and Grey Plover},
  author = {Thompson, Des and Byrkjedal, Ingvar},
  date = {2010},
  publisher = {{A\&C Black}},
  isbn = {1-4081-2869-1}
}



@book{coulson11,
  title = {The Kittiwake},
  author = {Coulson, John},
  date = {2011},
  publisher = {{A\&C Black}},
  isbn = {1-4081-5234-7}
}



@thesis{terrinha98,
  title = {Structural Geology and Tectonic Evolution of the {{Algarve Basin}}, {{South Portugal}}},
  author = {Terrinha, Pedro Antonio Gancedo},
  date = {1998},
  institution = {{Imperial College London (University of London)}}
}


@article{gramazio_etal17,
  title = {Colorgorical: {{Creating}} Discriminable and Preferable Color Palettes for Information Visualization},
  shorttitle = {Colorgorical},
  author = {Gramazio, Connor C. and Laidlaw, David H. and Schloss, Karen B.},
  date = {2017-01},
  journaltitle = {IEEE Transactions on Visualization and Computer Graphics},
  shortjournal = {IEEE Trans. Visual. Comput. Graphics},
  volume = {23},
  number = {1},
  pages = {521--530},
  issn = {1077-2626},
  doi = {10.1109/TVCG.2016.2598918}
}




@article{claypool_etal80,
  title = {The Age Curves of Sulfur and Oxygen Isotopes in Marine Sulfate and Their Mutual Interpretation},
  author = {Claypool, George E. and Holser, William T. and Kaplan, Isaac R. and Sakai, Hitoshi and Zak, Israel},
  date = {1980-01-01},
  journaltitle = {Chemical Geology},
  shortjournal = {Chemical Geology},
  volume = {28},
  pages = {199--260},
  issn = {0009-2541},
  doi = {10.1016/0009-2541(80)90047-9}
}
































