
@article{davis07,
  title = {The Mammals and Birds from the {{Iron Age}} and {{Roman}} Periods of {{Castro Marim}}, {{Algarve}}, {{Portugal}}},
  author = {Davis, Simon},
  date = {2007},
  journaltitle = {Trabalhos do CIPA},
  volume = {107}
}


@article{raban-gerstel_etal18,
  title = {Early {{Iron Age Dor}} ({{Israel}}): {{A Faunal Perspective}}},
  shorttitle = {Early {{Iron Age Dor}} ({{Israel}})},
  author = {Raban-Gerstel, Noa and Zohar, Irit and Bar-Oz, Guy and Sharon, Ilan and Gilboa, Ayelet},
  date = {2018-11-15},
  journaltitle = {Bulletin of the American Schools of Oriental Research},
  publisher = {{American Schools of Oriental Research}},
  doi = {10.1086/BASOR25067055}
}


@article{cardoso_etal16,
  title = {What the People of {{Utica}} ({{Tunisia}}) Ate at a Banquet in the 9th Century {{BCE}}. {{Zooarchaeology}} of a {{North African}} Early {{Phoenician}} Settlement},
  author = {Cardoso, João Luís and Castro, José Luis López and Ferjaoui, Ahmed and Martín, Alfredo Mederos and Hahnmüller, Víctor Martínez and Jerbania, Imed Ben},
  date = {2016-08-01},
  journaltitle = {Journal of Archaeological Science: Reports},
  shortjournal = {Journal of Archaeological Science: Reports},
  volume = {8},
  pages = {314--322},
  issn = {2352-409X},
  doi = {10.1016/j.jasrep.2016.06.019}
}



@article{sardaseuma_etal16,
  title = {Feasting, {{Phoenician Trade}} and {{Dynamics}} of {{Social Change}} in {{Northeastern Iberia}}: {{Rituals}} of {{Commensality}} in the {{Early Iron Age Settlement}} of {{Sant Jaume}} ({{Alcanar}}, {{Catalonia}})},
  author = {Sardà Seuma, Samuel and Garcia i Rubert, David and Moreno Martínez, Isabel},
  date = {2016-06-10},
  journaltitle = {Journal of Mediterranean Archaeology},
  shortjournal = {JMA},
  volume = {29},
  number = {1},
  pages = {37--60},
  doi = {10.1558/jmea.v29i1.31012}
}


@book{clutton-brock92,
  title = {Horse Power: A History of the Horse and the Donkey in Human Societies},
  author = {Clutton-Brock, Juliet},
  date = {1992},
  publisher = {{Harvard University Press}},
  isbn = {0-674-40646-X}
}



@article{hanot_bochaton18,
  title = {New Osteological Criteria for the Identification of Domestic Horses, Donkeys and Their Hybrids in Archaeological Contexts},
  author = {Hanot, Pauline and Bochaton, Corentin},
  date = {2018-06-01},
  journaltitle = {Journal of Archaeological Science},
  shortjournal = {Journal of Archaeological Science},
  volume = {94},
  pages = {12--20},
  issn = {0305-4403},
  doi = {10.1016/j.jas.2018.03.012}
}


@article{baxter98,
  title = {Species Identification of Equids from {{Western European}} Archaeological Deposits: Methodologies, Techniques and Problems.},
  author = {Baxter, Ian L},
  date = {1998},
  journaltitle = {Current and Recent Research in Osteoarchaeology. Oxbow, Oxford},
  pages = {16}
}



@article{kimura_etal13,
  title = {Donkey {{Domestication}}},
  author = {Kimura, Birgitta and Marshall, Fiona and Beja-Pereira, Albano and Mulligan, Connie},
  date = {2013-03-01},
  journaltitle = {African Archaeological Review},
  shortjournal = {Afr Archaeol Rev},
  volume = {30},
  number = {1},
  pages = {83--95},
  issn = {1572-9842},
  doi = {10.1007/s10437-012-9126-8}
}


@article{cardoso_etal13,
  title = {First Evidence of {{Equus}} Asinus {{L}}. in the {{Chalcolithic}} Disputes the {{Phoenicians}} as the First to Introduce Donkeys into the {{Iberian Peninsula}}},
  author = {Cardoso, João L. and Vilstrup, Julia T. and Eisenmann, Véra and Orlando, Ludovic},
  date = {2013-12-01},
  journaltitle = {Journal of Archaeological Science},
  shortjournal = {Journal of Archaeological Science},
  volume = {40},
  number = {12},
  pages = {4483--4490},
  issn = {0305-4403},
  doi = {10.1016/j.jas.2013.07.010}
}


@book{armitage_chapman79,
  title = {Roman Mules},
  author = {Armitage, Philip L and Chapman, Hugh},
  date = {1979},
  publisher = {{London Archaeologist Association}}
}



@article{davis80,
  title = {Late {{Pleistocene}} and {{Holocene}} Equid Remains from {{Israel}}},
  author = {Davis, Simon},
  date = {1980},
  journaltitle = {Zoological Journal of the Linnean Society},
  shortjournal = {Zoological Journal of the Linnean Society},
  volume = {70},
  number = {3},
  pages = {289--312},
  publisher = {{Oxford University Press}},
  issn = {1096-3642}
}



@book{eisenmann80,
  title = {Les Chevaux ({{Equus}} Sensu Lato) Fossiles et Actuels: Crânes et Dents Jugales Supérieures},
  author = {Eisenmann, Véra},
  date = {1980},
  publisher = {{Éditions du Centre national de la recherche scientifique}},
  isbn = {2-222-02622-9}
}



@article{eisenmann81,
  title = {Etude Des Dents Jugales Inférieures Des {{Equus}} ({{Mammalia}}, {{Perissodactyla}}) Actuels et Fossiles},
  author = {Eisenmann, Véra},
  date = {1981},
  journaltitle = {Palaeovertebrata: revue trimestrielle de paléontologie des vertébrés},
  shortjournal = {Palaeovertebrata: revue trimestrielle de paléontologie des vertébrés},
  volume = {10},
  number = {3},
  pages = {130}
}



@article{eisenmann86,
  title = {Comparative Osteology of Modern and Fossil Horses, Half-Asses, and Asses},
  author = {Eisenmann, Véra},
  date = {1986},
  journaltitle = {Equids in the ancient world},
  shortjournal = {Equids in the ancient world},
  volume = {1},
  pages = {67--116},
  publisher = {{Ludwig Reichert Verlag Wiesbaden}}
}



@article{uerpmann02,
  title = {Dental {{Morphology}} of {{Horses}}, {{Donkeys}} and {{Mules}}},
  author = {Uerpmann, HP},
  date = {2002},
  journaltitle = {Horse. Donkey and Co, Basel, Switzerland},
  shortjournal = {Horse. Donkey and Co, Basel, Switzerland}
}



@article{albizuri_nadal91,
  title = {Estudi de l’èquid Aparegut En Relació Amb l'estructura {{E10}} de l'{{Hort}} d'en {{Grimau}}},
  author = {Albizuri, Silvia and Nadal, Jordi},
  date = {1991-01-01},
  journaltitle = {Olerdulae},
  shortjournal = {Olerdulae},
  volume = {3},
  pages = {112--117}
}



@article{azzaroli78,
  title = {On a {{Late Pleistocene Ass}} from {{Tuscany}}| with {{Notes}} on the {{History}} of {{Asses}}},
  author = {Azzaroli, A},
  date = {1978},
  journaltitle = {Palaeontographia Italica Pisa},
  shortjournal = {Palaeontographia Italica Pisa},
  volume = {71},
  pages = {27--47}
}



@article{groves_mazak67,
  title = {On Some Taxonomic Problems of {{Asiatic}} Wild Asses; with the Description of a New Subspecies ({{Perissodactyla}}; {{Equidae}})},
  author = {Groves, ColIN P and Mazák, Vratislav},
  date = {1967},
  journaltitle = {Zeitschrift für Säugetierkunde},
  shortjournal = {Zeitschrift für Säugetierkunde},
  volume = {32},
  number = {6},
  pages = {321--355}
}



@article{kunst00,
  title = {Archaeozoological Evidence for Equid Use, Sex Structure and Mortality in a {{Roman}} Auxiliary Fort ({{Carnuntum-Petronell}}, Lower {{Austria}})},
  author = {Kunst, Günther Karl},
  date = {2000},
  journaltitle = {Anthropozoologica},
  shortjournal = {Anthropozoologica},
  volume = {31},
  pages = {109--118}
}



@book{arloing82,
  title = {Caractères Ostéologiques Différentiels de l'âne, Du Cheval et de Leurs Hybrides},
  author = {Arloing, J},
  date = {1882}
}



@article{eisenmann_beckouche86,
  title = {Identification and Discrimination of Metapodials from {{Pleistocene}} and Modern {{Equus}}, Wild and Domestic},
  author = {Eisenmann, Véra and Beckouche, Sophie},
  date = {1986},
  journaltitle = {Beihefte zum Tübinger Atlas des Vorderen Orients. Reihe A, Naturwissenschaften},
  shortjournal = {Beihefte zum Tübinger Atlas des Vorderen Orients. Reihe A, Naturwissenschaften},
  volume = {19},
  number = {1},
  pages = {117}
}



@article{peters98,
  title = {Römische Tierhaltung Und Tierzucht. {{Passauer Universitätsschriften}} Zur {{Archäologie}} 5},
  author = {Peters, Joris},
  date = {1998},
  journaltitle = {Rahden/Westfalen: Marie Leidorf},
  shortjournal = {Rahden/Westfalen: Marie Leidorf}
}




@article{forest08,
  title = {Equidés de La Tène finale et de la période romaine en Gaule: approche ostéométrique},
  shorttitle = {Equidés de La Tène finale et de la période romaine en Gaule},
  author = {Forest, V.},
  date = {2008},
  journaltitle = {L'exploitation agricole dans son environnement à la fin de l’Âge du Fer: Nouvelles approches méthodologiques. Presented at the Rencontre de Saint-Julien: 18-19 novembre 2004},
  pages = {61--71}
}



@article{hanot_etal17,
  title = {Morphological Integration in the Appendicular Skeleton of Two Domestic Taxa: The Horse and Donkey},
  shorttitle = {Morphological Integration in the Appendicular Skeleton of Two Domestic Taxa},
  author = {Hanot, Pauline and Herrel, Anthony and Guintard, Claude and Cornette, Raphaël},
  date = {2017-10-11},
  journaltitle = {Proceedings of the Royal Society B: Biological Sciences},
  shortjournal = {Proceedings of the Royal Society B: Biological Sciences},
  volume = {284},
  number = {1864},
  pages = {20171241},
  publisher = {{Royal Society}},
  doi = {10.1098/rspb.2017.1241}
}


@book{hehn88,
  title = {The Wanderings of Plants and Animals from Their First Home},
  author = {Hehn, Victor},
  date = {1888},
  publisher = {{S. Sonnenschein}}
}



@article{carrasquilla92,
  title = {Some Comments on the Introduction of Domestic Fowl in {{Iberia}}},
  author = {Carrasquilla, Francisco Hernández},
  date = {1992},
  journaltitle = {Archaeofauna},
  number = {1},
  pages = {45--53},
  isbn = {1132-6891}
}



@book{arruda09,
  title = {Phoenician Colonization on the {{Atlantic Coast}} of the {{Iberian Peninsula}}},
  author = {Arruda, Ana Margarida},
  date = {2009},
  publisher = {{Chicago: The University of Chicago Press, 2009.}},
  isbn = {0-226-14847-5}
}



@book{arruda00,
  title = {Los Fenicios En {{Portugal}}. {{Fenicios}} y Mundo Indígena En El Centro y Sur de {{Portugal}} (Siglos {{VIII}}-{{VI aC}})},
  author = {Arruda, Ana Margarida},
  date = {2000},
  publisher = {{Universidad Pompeu Fabra de Barcelona/Carrera Edició, SL}},
  isbn = {84-88236-11-5}
}


@incollection{arruda96,
  title = {O {{Castelo}} de {{Castro Marim}}},
  booktitle = {In {{De Ulisses}} a {{Viriato}}. {{O}} Primeiro Milénio a.{{C}}..},
  author = {Arruda, Ana Margarida},
  date = {1996},
  pages = {95--100},
  publisher = {{Ministério da Cultura, Instituto Português de Museus, Museu Nacional de Arqueologia}},
  location = {{Lisboa}}
}



@article{arruda_etal13,
  title = {A Cronologia Relativa e Absoluta Da Ocupação Sidérica Do {{Castelo}} de {{Castro Marim}}},
  author = {Arruda, Ana Margarida and Soares, António Monge and de Freitas, Vera Teixeira and Oliveira, Carlos Filipe and Martins, José Manuel M and Portela, Paulo JC},
  date = {2013},
  journaltitle = {Saguntum},
  volume = {45},
  pages = {101--114},
  issn = {0210-3729}
}



@article{arruda_freitas08,
  title = {O Castelo de Castro Marim durante os séculos VI e V a.n.e.},
  author = {Arruda, Ana Margarida and de Freitas, Vera Teixeira},
  date = {2008},
  journaltitle = {Sidereum Ana I: El río Guadiana en época Post-Orientalizante.},
  pages = {429--446}
}



@article{arruda_etal06,
  title = {A Importação de Preparados de Peixe Em {{Castro Marim}}: Da {{Idade}} Do {{Ferro}} à {{Época Romana}}},
  author = {Arruda, Ana Margarida and Viegas, Catarina and Bargão, Patrícia and Pereira, Raul},
  date = {2006},
  journaltitle = {Setúbal Arqueológica},
  volume = {13},
  pages = {153--176}
}



@article{arruda97,
  title = {Os Núcleos Urbanos Litorais Da {{Idade}} Do {{Ferro}} No {{Algarve}}.},
  author = {Arruda, Ana Margarida},
  date = {1997},
  journaltitle = {Noventa Séculos entre a Serra e o Mar},
  pages = {243--255},
  publisher = {{IPPAR}}
}



@article{sousa19,
  title = {The Use of" {{Kouass Ware}}" during the {{Republican Period}} in the {{Algarve}} ({{Portugal}})},
  author = {de Sousa, Elisa},
  date = {2019},
  journaltitle = {Rei Cretariae Romanae Fautorum Acta 41},
  volume = {41},
  pages = {523--528},
  publisher = {{Rei Cretariae Romanae Fautorum}},
  isbn = {0484-3401}
}



@book{arruda_etal20,
  title = {A Cerâmica Grega Do {{Castelo}} de {{Castro Marim}}},
  author = {Arruda, Ana Margarida and Ferreira, Daniela and de Sousa, Elisa},
  date = {2020},
  publisher = {{UNIARQ. Centro de Arqueologia da Universidade de Lisboa}},
  isbn = {989-99146-8-1}
}


@article{markoe05,
  title = {Phoenicians. {{London}}: The {{British Museum}}},
  author = {Markoe, G. E.},
  date = {2005}
}


@book{aubet87,
  title = {Tiro y Las Colonias Fenicias de {{Occidente}}},
  author = {Aubet, María Eugenia},
  date = {1987},
  publisher = {{Ed. Bellaterra}},
  isbn = {84-7290-052-5}
}


@book{aubet01,
  title = {The {{Phoenicians}} and the {{West}}: Politics, Colonies and Trade},
  author = {Aubet, María Eugenia},
  date = {2001},
  publisher = {{Cambridge Univ. Press}},
  isbn = {0-521-79161-8}
}


@article{bowen_etal09,
  title = {Isoscapes: {{Isotope}} Mapping and Its Applications},
  shorttitle = {Isoscapes},
  author = {Bowen, Gabriel J. and West, Jason B. and Hoogewerff, Jurian},
  date = {2009-09-01},
  journaltitle = {Journal of Geochemical Exploration},
  shortjournal = {Journal of Geochemical Exploration},
  series = {Isoscapes: {{Isotope}} Mapping and Its Applications},
  volume = {102},
  number = {3},
  pages = {v-vii},
  issn = {0375-6742},
  doi = {10.1016/j.gexplo.2009.05.001}
}


@incollection{rodrigues_etal13,
  title = {Stable {{Isotope Analysis}}},
  booktitle = {Comprehensive {{Analytical Chemistry}}},
  author = {Rodrigues, Carla and Maia, Rodrigo and Lauteri, Marco and Brugnoli, Enrico and Máguas, Cristina},
  date = {2013},
  volume = {60},
  pages = {77--99},
  publisher = {{Elsevier}},
  doi = {10.1016/B978-0-444-59562-1.00004-9}
}


@article{brand_coplen12,
  title = {Stable Isotope Deltas: Tiny, yet Robust Signatures in Nature},
  shorttitle = {Stable Isotope Deltas},
  author = {Brand, Willi A. and Coplen, Tyler B.},
  date = {2012-09},
  journaltitle = {Isotopes in Environmental and Health Studies},
  volume = {48},
  number = {3},
  eprint = {22462621},
  eprinttype = {pmid},
  pages = {393--409},
  issn = {1025-6016},
  doi = {10.1080/10256016.2012.666977}
}


@article{farquhar_etal82,
  title = {On the {{Relationship Between Carbon Isotope Discrimination}} and the {{Intercellular Carbon Dioxide Concentration}} in {{Leaves}}},
  author = {Farquhar, G D and O'Leary, Mh and Berry, Ja},
  date = {1982},
  journaltitle = {Functional Plant Biol.},
  volume = {9},
  number = {2},
  pages = {121},
  issn = {1445-4408},
  doi = {10.1071/PP9820121}
}


@article{farquhar_etal89,
  title = {Carbon {{Isotope Discrimination}} and {{Photosynthesis}}},
  author = {Farquhar, G D and Ehleringer, J R and Hubick, K T},
  date = {1989-06},
  journaltitle = {Annu. Rev. Plant. Physiol. Plant. Mol. Biol.},
  volume = {40},
  number = {1},
  pages = {503--537},
  issn = {1040-2519},
  doi = {10.1146/annurev.pp.40.060189.002443}
}


@incollection{gomezbellard19,
  title = {Agriculture},
  booktitle = {The {{Oxford Handbook}} of {{The Phoenician}} and {{Punic Mediterranean}}},
  author = {Gómez Bellard, Carlos},
  date = {2019-10},
  pages = {732--745},
  publisher = {{Oxford University Press}},
  isbn = {978-0-19-049934-1},
  langid = {english}
}


@article{krings08,
  title = {Rereading {{Punic}} Agriculture: Representation, Anal‑ogy and Ideology in the Classical Sources},
  author = {Krings, Véronique},
  date = {2008},
  journaltitle = {Rural landscapes of the Punic world.(Monographs in Mediterranean Archaeology 11) Equinox, Lon‑don},
  shortjournal = {Rural landscapes of the Punic world.(Monographs in Mediterranean Archaeology 11) Equinox, Lon‑don},
  pages = {22--43}
}


@article{martin71,
  title = {Recherches Sur Les Agronomes Latins et Leurs Conceptions Économiques et Sociales},
  author = {Martin, René},
  date = {1971}
}


@article{vandommelen06,
  title = {Punic Farms and {{Carthaginian}} Colonists: Surveying {{Punic}} Rural Settlement in the Central {{Mediterranean}}},
  author = {van Dommelen, Peter},
  date = {2006},
  journaltitle = {Journal of Roman Archaeology},
  shortjournal = {Journal of Roman Archaeology},
  volume = {19},
  pages = {7--28},
  publisher = {{Cambridge University Press}},
  issn = {1047-7594}
}


@book{vandommelen_etal08,
  title = {Rural Landscapes of the {{Punic}} World},
  author = {van Dommelen, Peter Alexander René and Bellard, Carlos Gómez and Docter, Roald F},
  options = {useprefix=true},
  date = {2008},
  number = {11},
  publisher = {{Equinox London}},
  isbn = {1-84553-270-8}
}



@article{wagner_alvar03,
  title = {La Colonización Agrícola En La {{Península Ibérica}}. {{Estado}} de La Cuestión y Nuevas Perspectivas},
  author = {Wagner, Carlos G and Alvar, Jaime},
  date = {2003},
  journaltitle = {Ecohistoria del paisaje agrario. La agricultura fenicio-púnica en el Mediterráneo},
  volume = {95},
  pages = {187--204}
}



@article{wagner_alvar89,
  title = {Fenicios En {{Occidente}}: La Colonización Agrícola},
  author = {Wagner, Carlos González and Alvar, Jaime},
  date = {1989},
  journaltitle = {Rivista di Studi Fenici},
  volume = {17},
  number = {1},
  pages = {61--102}
}


@inproceedings{vanleeuwaarden_janssen85,
  title = {A Preliminary Palynological Study of Peat Deposits near an Oppidum in the {{Lower Tagus Valley}}, {{Portugal}}},
  booktitle = {Actas},
  author = {Van Leeuwaarden, W. and Janssen, C. R.},
  date = {1985},
  pages = {225--236}
}


@book{queiroz_etal06,
  title = {Castro {{Marim}} e o Seu Território Imediato Durante a {{Antiguidade}}. {{Paleo-etno-Botânica}}. {{Relatório Final}}.},
  author = {Queiroz, Paula and Mateus, José and Leeuwaarden, Wim and Pereira, Telmo and Dise, David},
  date = {2006-01},
  doi = {10.13140/RG.2.2.25361.63848}
}


@book{queiroz_mateus07,
  title = {Acerca Das {{Graínhas}} de {{Uva}} Da {{Idade}} Do {{Ferro}} de {{Castro Marim}}},
  author = {Queiroz, PAULA FERNANDA and Mateus, JOSÉ EDUARDO},
  date = {2007},
  publisher = {{Lisboa: CIPA–IPA}}
}



@article{bakels_jacomet03,
  title = {Access to Luxury Foods in {{Central Europe}} during the {{Roman}} Period: The Archaeobotanical Evidence},
  author = {Bakels, Corrie and Jacomet, Stefanie},
  date = {2003},
  journaltitle = {World archaeology},
  volume = {34},
  number = {3},
  pages = {542--557},
  publisher = {{Taylor \& Francis}},
  isbn = {0043-8243}
}



@article{schoeninger_moore92,
  title = {Bone Stable Isotope Studies in Archaeology},
  author = {Schoeninger, Margaret J and Moore, Katherine},
  date = {1992},
  journaltitle = {Journal of World Prehistory},
  shortjournal = {Journal of World Prehistory},
  volume = {6},
  number = {2},
  pages = {247--296},
  publisher = {{Springer}},
  issn = {1573-7802}
}


@article{deniro_epstein78,
  title = {Influence of Diet on the Distribution of Carbon Isotopes in Animals},
  author = {DeNiro, Michael J. and Epstein, Samuel},
  date = {1978},
  journaltitle = {Geochimica et Cosmochimica Acta},
  volume = {42},
  number = {5},
  pages = {495--506},
  issn = {0016-7037},
  doi = {10.1016/0016-7037(78)90199-0}
}


@article{deniro_epstein81,
  title = {Influence of Diet on the Distribution of Nitrogen Isotopes in Animals},
  author = {Deniro, Michael J and Epstein, Samuel},
  date = {1981-03},
  journaltitle = {Geochimica et Cosmochimica Acta},
  volume = {45},
  number = {3},
  pages = {341--351},
  issn = {0016-7037},
  doi = {10.1016/0016-7037(81)90244-1}
}


@article{szpak14,
  title = {Complexities of Nitrogen Isotope Biogeochemistry in Plant-Soil Systems: Implications for the Study of Ancient Agricultural and Animal Management Practices},
  shorttitle = {Complexities of Nitrogen Isotope Biogeochemistry in Plant-Soil Systems},
  author = {Szpak, Paul},
  date = {2014},
  journaltitle = {Front. Plant Sci.},
  volume = {5},
  issn = {1664-462X},
  doi = {10.3389/fpls.2014.00288}
}


@article{aguilera_etal08,
  title = {Stable Carbon and Nitrogen Isotopes and Quality Traits of Fossil Cereal Grains Provide Clues on Sustainability at the Beginnings of {{Mediterranean}} Agriculture},
  author = {Aguilera, M\'{o}nica and Araus, Jos\'{e} Luis and Voltas, Jordi and Rodr\'{i}guez‐Ariza, Maria Oliva and Molina, Fernando and Rovira, N\'{u}ria and Bux\'{o}, Ramon and Ferrio, J.},
  date = {2008},
  journaltitle = {Rapid Communications in Mass Spectrometry},
  volume = {22},
  number = {11},
  pages = {1653--1663},
  issn = {1097-0231},
  doi = {10.1002/rcm.3501}
}



@article{bogaard_etal07,
  title = {The Impact of Manuring on Nitrogen Isotope Ratios in Cereals: Archaeological Implications for Reconstruction of Diet and Crop Management Practices},
  shorttitle = {The Impact of Manuring on Nitrogen Isotope Ratios in Cereals},
  author = {Bogaard, A. and Heaton, T. H. E. and Poulton, P. and Merbach, I.},
  date = {2007-03},
  journaltitle = {Journal of Archaeological Science},
  volume = {34},
  number = {3},
  pages = {335--343},
  issn = {0305-4403},
  doi = {10.1016/j.jas.2006.04.009}
}



@incollection{ferrio_etal07,
  title = {Reconstruction of {{Climate}} and {{Crop Conditions}} in the {{Past Based}} on the {{Carbon Isotope Signature}} of {{Archaeobotanical Remains}}},
  booktitle = {Terrestrial {{Ecology}}},
  author = {Ferrio, J. and Voltas, Jordi and Alonso, Natàlia and Araus, José Luis},
  date = {2007-01},
  series = {Stable {{Isotopes}} as {{Indicators}} of {{Ecological Change}}},
  volume = {1},
  pages = {319--332},
  publisher = {{Elsevier}},
  doi = {10.1016/S1936-7961(07)01020-2}
}



@article{wallace_etal13,
  title = {Stable Carbon Isotope Analysis as a Direct Means of Inferring Crop Water Status and Water Management Practices},
  author = {Wallace, M. and Jones, G. and Charles, M. and Fraser, R. and Halstead, P. and Heaton, T. H. E. and Bogaard, A.},
  date = {2013-08},
  journaltitle = {World Archaeology},
  volume = {45},
  number = {3},
  pages = {388--409},
  issn = {0043-8243},
  doi = {10.1080/00438243.2013.821671}
}



@article{fiorentino_etal15,
  title = {Stable Isotopes in Archaeobotanical Research},
  author = {Fiorentino, Girolamo and Ferrio, Juan Pedro and Bogaard, Amy and Araus, José Luis and Riehl, Simone},
  date = {2015-01},
  journaltitle = {Veget Hist Archaeobot},
  volume = {24},
  number = {1},
  pages = {215--227},
  issn = {1617-6278},
  doi = {10.1007/s00334-014-0492-9},
  url = {https://doi.org/10.1007/s00334-014-0492-9}
}



@article{slack_hatch67,
  title = {Comparative Studies on the Activity of Carboxylases and Other Enzymes in Relation to the New Pathway of Photosynthetic Carbon Dioxide Fixation in Tropical Grasses},
  author = {Slack, CR and Hatch, MD},
  date = {1967-06-01},
  journaltitle = {Biochemical Journal},
  shortjournal = {Biochemical Journal},
  volume = {103},
  number = {3},
  pages = {660--665},
  issn = {0006-2936},
  doi = {10.1042/bj1030660}
}



@article{hatch02,
  title = {C4 Photosynthesis: Discovery and Resolution},
  shorttitle = {C4 Photosynthesis},
  author = {Hatch, Marshall D.},
  date = {2002-07-01},
  journaltitle = {Photosynthesis Research},
  shortjournal = {Photosynthesis Research},
  volume = {73},
  number = {1},
  pages = {251},
  issn = {1573-5079},
  doi = {10.1023/A:1020471718805}
}



@article{amundson_etal03,
  title = {Global Patterns of the Isotopic Composition of Soil and Plant Nitrogen},
  author = {Amundson, Ronald and Austin, A. T. and Schuur, E. a. G. and Yoo, K. and Matzek, V. and Kendall, C. and Uebersax, A. and Brenner, D. and Baisden, W. T.},
  date = {2003},
  journaltitle = {Global Biogeochemical Cycles},
  volume = {17},
  number = {1},
  issn = {1944-9224},
  doi = {10.1029/2002GB001903}
}



@article{hogberg_etal96,
  title = {{{15N}} Abundance of Surface Soils, Roots and Mycorrhizas in Profiles of {{European}} Forest Soils},
  author = {H\"{o}gberg, Peter and Högbom, Lars and Schinkel, Helga and H\"{o}gberg, Mona and Johannisson, Christian and Wallmark, H\r{a}kan},
  date = {1996-10},
  journaltitle = {Oecologia},
  volume = {108},
  number = {2},
  pages = {207--214},
  issn = {1432-1939},
  doi = {10.1007/BF00334643}
}



@article{handley_etal99,
  title = {The {{$ ^{15}N$}} Natural Abundance ({{$\delta ^{15}N$}}) of Ecosystem Samples Reflects Measures of Water Availability},
  author = {Handley, L. L. and Austin, A. T. and Stewart, G. R. and Robinson, D. and Scrimgeour, C. M. and Raven, J. A. and Heaton, T. H. E. and Schmidt, S.},
  date = {1999},
  journaltitle = {Functional Plant Biol.},
  volume = {26},
  number = {2},
  pages = {185--199},
  issn = {1445-4416},
  doi = {10.1071/pp98146}
}



@article{craine_etal09,
  title = {Global Patterns of Foliar Nitrogen Isotopes and Their Relationships with Climate, Mycorrhizal Fungi, Foliar Nutrient Concentrations, and Nitrogen Availability},
  author = {Craine, Joseph M. and Elmore, Andrew J. and Aidar, Marcos PM and Bustamante, Mercedes and Dawson, Todd E. and Hobbie, Erik A. and Kahmen, Ansgar and Mack, Michelle C. and McLauchlan, Kendra K. and Michelsen, Anders},
  date = {2009},
  journaltitle = {New Phytologist},
  volume = {183},
  number = {4},
  pages = {980--992},
  publisher = {{Wiley Online Library}},
  isbn = {0028-646X}
}


@article{marino_etal92,
  title = {Glacial-to-Interglacial Variations in the Carbon Isotopic Composition of Atmospheric $CO_{2}$},
  author = {Marino, Bruno D. and McElroy, Michael B. and Salawitch, Ross J. and Spaulding, W. Geoffrey},
  date = {1992-06},
  journaltitle = {Nature},
  volume = {357},
  number = {6378},
  pages = {461--466},
  issn = {1476-4687},
  doi = {10.1038/357461a0}
}


@article{toolin_eastoe93,
  title = {Late {{Pleistocene-Recent Atmospheric $\delta ^{13}C$ Record}} in {{C4 Grasses}} 1},
  author = {Toolin, Laurence J. and Eastoe, Christopher J.},
  date = {1993},
  journaltitle = {Radiocarbon},
  volume = {35},
  number = {2},
  pages = {263--269},
  issn = {0033-8222, 1945-5755},
  doi = {10.1017/S0033822200064936}
}




@article{white_etal94,
  title = {A High-Resolution Record of Atmospheric $CO_{2}$ Content from Carbon Isotopes in Peat},
  author = {White, JWC and Ciais, P and Figge, RA and Kenny, R and Markgraf, V},
  date = {1994},
  journaltitle = {Nature},
  volume = {367},
  number = {6459},
  pages = {153--156},
  issn = {0028-0836},
  doi = {10.1038/367153a0}
}


@article{ferrio_etal05,
  title = {Water Management Practices and Climate in Ancient Agriculture: Inferences from the Stable Isotope Composition of Archaeobotanical Remains},
  shorttitle = {Water Management Practices and Climate in Ancient Agriculture},
  author = {Ferrio, J. and Araus, Jos\'{e} Luis and Bux\'{o}, Ramon and Voltas, Jordi and Bort, Jordi},
  date = {2005-12},
  journaltitle = {Veget Hist Archaeobot},
  volume = {14},
  number = {4},
  pages = {510--517},
  issn = {1617-6278},
  doi = {10.1007/s00334-005-0062-2}
}



@article{ferrio_etal06,
  title = {Carbon Isotope Composition of Fossil Charcoal Reveals Aridity Changes in the {{NW Mediterranean Basin}}},
  author = {Ferrio, J. P. and Alonso, N. and L\'{o}pez, J. B. and Araus, J. L. and Voltas, J.},
  date = {2006},
  journaltitle = {Global Change Biology},
  volume = {12},
  number = {7},
  pages = {1253--1266},
  issn = {1365-2486},
  doi = {10.1111/j.1365-2486.2006.01170.x}
}



@article{deniro_hastorf85,
  title = {Alteration of $ ^{15}N/^{14}N$ and $ ^{13}C/^{12}C$ Ratios of Plant Matter during the Initial Stages of Diagenesis: {{Studies}} Utilizing Archaeological Specimens from {{Peru}}},
  author = {DeNiro, Michael J. and Hastorf, Christine A.},
  date = {1985},
  journaltitle = {Geochimica et Cosmochimica Acta},
  volume = {49},
  number = {1},
  pages = {97--115},
  issn = {0016-7037},
  doi = {10.1016/0016-7037(85)90194-2}
}



@article{marino_deniro87,
  title = {Isotopic Analysis of Archaeobotanicals to Reconstruct Past Climates: {{Effects}} of Activities Associated with Food Preparation on Carbon, Hydrogen and Oxygen Isotope Ratios of Plant Cellulose},
  shorttitle = {Isotopic Analysis of Archaeobotanicals to Reconstruct Past Climates},
  author = {Marino, Bruno D. and Deniro, Michael J.},
  date = {1987},
  journaltitle = {Journal of Archaeological Science},
  volume = {14},
  number = {5},
  pages = {537--548},
  issn = {0305-4403},
  doi = {10.1016/0305-4403(87)90037-9}
}


@article{araus_etal97,
  title = {Identification of {{Ancient Irrigation Practices}} Based on the {{Carbon Isotope Discrimination}} of {{Plant Seeds}}: A {{Case Study}} from the {{South-East Iberian Peninsula}}},
  author = {Araus, Jos\'{e} Luis and Febrero, Anna and Bux\'{o}, Ramon and Rodr\'{i}guez-Ariza, Maria Oliva and Molina, Fernando and Camalich, Mar\'{i}a Dolores and Mart\'{i}n, Dimas and Voltas, Jordi},
  date = {1997-08},
  journaltitle = {Journal of Archaeological Science},
  volume = {24},
  number = {8},
  pages = {729--740},
  issn = {0305-4403},
  doi = {10.1006/jasc.1997.0154}
}


@article{nitsch_etal15,
  title = {Calculating a Statistically Robust $\delta ^{13}C$ and $\delta ^{15}N$ Offset for Charred Cereal and Pulse Seeds},
  author = {Nitsch, E. and Charles, M. and Bogaard, A.},
  date = {2015-03},
  journaltitle = {STAR: Science \& Technology of Archaeological Research},
  volume = {1},
  number = {1},
  pages = {1--8},
  issn = {null},
  doi = {10.1179/2054892315Y.0000000001}
}



@article{fraser_etal13a,
  title = {Assessing Natural Variation and the Effects of Charring, Burial and Pre-Treatment on the Stable Carbon and Nitrogen Isotope Values of Archaeobotanical Cereals and Pulses},
  author = {Fraser, R. and Bogaard, A. and Charles, M. and Styring, A. and Wallace, M. and Jones, G. and Ditchfield, P. and Heaton, T.},
  date = {2013-12},
  journaltitle = {Journal of Archaeological Science},
  volume = {40},
  number = {12},
  pages = {4754--4766},
  issn = {0305-4403},
  doi = {10.1016/j.jas.2013.01.032}
}


@article{osmond_etal73,
  title = {Carbon {{Isotope Discrimination}} in {{Photosynthesis}} of {{CAM Plants}}},
  author = {Osmond, C. B. and Allaway, W. G. and Sutton, B. G. and Throughton, J. H. and Queiroz, O. and L\"{u}ttge, U. and Winter, K.},
  date = {1973},
  journaltitle = {Nature},
  shortjournal = {Nature},
  volume = {246},
  number = {5427},
  pages = {41--42},
  issn = {1476-4687},
  doi = {10.1038/246041a0}
}



@incollection{hedges_etal06,
  title = {Isotopes in {{Bones}} and {{Teeth}}},
  booktitle = {Isotopes in {{Palaeoenvironmental Research}}},
  author = {Hedges, Joshua and Stevens, Rhiannon and Koch, Paul},
  editor = {Leng, Melanie J.},
  date = {2006},
  series = {Developments in {{Paleoenvironmental Research}}},
  pages = {117--145},
  publisher = {{Springer Netherlands}},
  location = {{Dordrecht}},
  doi = {10.1007/1-4020-2504-1_03}
}



@incollection{ambrose_norr93,
  title = {Experimental {{Evidence}} for the {{Relationship}} of the {{Carbon Isotope Ratios}} of {{Whole Diet}} and {{Dietary Protein}} to {{Those}} of {{Bone Collagen}} and {{Carbonate}}},
  booktitle = {Prehistoric {{Human Bone}}: {{Archaeology}} at the {{Molecular Level}}},
  author = {Ambrose, Stanley H. and Norr, Lynette},
  editor = {Lambert, Joseph B. and Grupe, Gisela},
  date = {1993},
  pages = {1--37},
  publisher = {{Springer}},
  location = {{Berlin, Heidelberg}},
  doi = {10.1007/978-3-662-02894-0_1}
}



@article{ambrose90,
  title = {Preparation and Characterization of Bone and Tooth Collagen for Isotopic Analysis},
  author = {Ambrose, Stanley H.},
  date = {1990-07},
  journaltitle = {Journal of Archaeological Science},
  volume = {17},
  number = {4},
  pages = {431--451},
  issn = {0305-4403},
  doi = {10.1016/0305-4403(90)90007-R}
}



@article{nehlich_richards09,
  title = {Establishing Collagen Quality Criteria for Sulphur Isotope Analysis of Archaeological Bone Collagen},
  author = {Nehlich, Olaf and Richards, Michael P.},
  date = {2009},
  journaltitle = {Archaeological and Anthropological Sciences},
  volume = {1},
  number = {1},
  pages = {59--75},
  publisher = {{Springer}},
  isbn = {1866-9557}
}



@article{vanklinken99,
  title = {Bone {{Collagen Quality Indicators}} for {{Palaeodietary}} and {{Radiocarbon Measurements}}},
  author = {van Klinken, G. J.},
  options = {useprefix=true},
  date = {1999-06},
  journaltitle = {Journal of Archaeological Science},
  volume = {26},
  number = {6},
  pages = {687--695},
  issn = {0305-4403},
  doi = {10.1006/jasc.1998.0385}
}






@incollection{tieszen_fagre93,
  title = {Effect of {{Diet Quality}} and {{Composition}} on the {{Isotopic Composition}} of {{Respiratory $CO_{2}$}}, {{Bone Collagen}}, {{Bioapatite}}, and {{Soft Tissues}}},
  booktitle = {Prehistoric {{Human Bone}}: {{Archaeology}} at the {{Molecular Level}}},
  author = {Tieszen, Larry L. and Fagre, Tim},
  editor = {Lambert, Joseph B. and Grupe, Gisela},
  date = {1993},
  pages = {121--155},
  publisher = {{Springer}},
  location = {{Berlin, Heidelberg}},
  doi = {10.1007/978-3-662-02894-0_5}
}



@article{vandermerwe_vogel78,
  title = { $^{13}C$ Content of Human Collagen as a Measure of Prehistoric Diet in Woodland {{North America}}},
  author = {Van der Merwe, Nikolaas J. and Vogel, John C.},
  date = {1978},
  journaltitle = {Nature},
  volume = {276},
  number = {5690},
  pages = {815--816},
  publisher = {{Nature Publishing Group}},
  isbn = {1476-4687}
}



@article{chisholm_etal82,
  title = {Stable-Carbon Isotope Ratios as a Measure of Marine versus Terrestrial Protein in Ancient Diets},
  author = {Chisholm, Brian S. and Nelson, D. Erle and Schwarcz, Henry P.},
  date = {1982},
  journaltitle = {Science},
  volume = {216},
  number = {4550},
  pages = {1131--1132},
  publisher = {{American Association for the Advancement of Science}},
  isbn = {0036-8075}
}



@article{webb_etal17a,
  title = {The Influence of Varying Proportions of Terrestrial and Marine Dietary Protein on the Stable Carbon-Isotope Compositions of Pig Tissues from a Controlled Feeding Experiment},
  author = {Webb, Emily C. and Lewis, Jamie and Shain, Anika and Kastrisianaki-Guyton, Emma and Honch, Noah V. and Stewart, Alan and Miller, Bevis and Tarlton, John and Evershed, Richard P.},
  date = {2017-01},
  journaltitle = {STAR: Science \& Technology of Archaeological Research},
  volume = {3},
  number = {1},
  pages = {28--44},
  issn = {null},
  doi = {10.1080/20548923.2016.1275477}
}



@article{nitsch_etal17,
  title = {A Bottom-up View of Food Surplus: Using Stable Carbon and Nitrogen Isotope Analysis to Investigate Agricultural Strategies and Diet at {{Bronze Age Archontiko}} and {{Thessaloniki Toumba}}, Northern {{Greece}}},
  shorttitle = {A Bottom-up View of Food Surplus},
  author = {Nitsch, Erika and Andreou, Stelios and Creuzieux, Aurélien and Gardeisen, Armelle and Halstead, Paul and Isaakidou, Valasia and Karathanou, Angeliki and Kotsachristou, Dimitra and Nikolaidou, Daphne and Papanthimou, Aikaterini and Petridou, Chryssa and Triantaphyllou, Sevi and Valamoti, Soultana M. and Vasileiadou, Anastasia and Bogaard, Amy},
  date = {2017-01-01},
  journaltitle = {World Archaeology},
  volume = {49},
  number = {1},
  pages = {105--137},
  publisher = {{Routledge}},
  issn = {0043-8243},
  doi = {10.1080/00438243.2016.1271745}
}




@article{schoeninger_etal83,
  title = {Stable Nitrogen Isotope Ratios of Bone Collagen Reflect Marine and Terrestrial Components of Prehistoric Human Diet},
  author = {Schoeninger, Margaret J. and DeNiro, Michael J. and Tauber, Henrik},
  date = {1983},
  journaltitle = {Science},
  volume = {220},
  number = {4604},
  pages = {1381--1383},
  publisher = {{American Association for the Advancement of Science}},
  isbn = {0036-8075}
}



@article{nehlich15,
  title = {The Application of Sulphur Isotope Analyses in Archaeological Research: {{A}} Review},
  shorttitle = {The Application of Sulphur Isotope Analyses in Archaeological Research},
  author = {Nehlich, Olaf},
  date = {2015-03},
  journaltitle = {Earth-Science Reviews},
  volume = {142},
  pages = {1--17},
  issn = {0012-8252},
  doi = {10.1016/j.earscirev.2014.12.002}
}



@article{nitsch_etal19,
  title = {The {{Preservation}} and {{Interpretation}} of {{$\delta ^{34}S$ Values}} in {{Charred Archaeobotanical Remains}}},
  author = {Nitsch, E. and Lamb, A. and Heaton, T and Vaiglova, P. and Fraser, R. and Hartman, G. and Moreno-Jim\'{e}nez, E. and L\'{o}pez-Pi\~{n}eiro, A. and Pe\~{n}a-Abades, D. and Fairbairn, A. and Eriksen, J. and Bogaard, A.},
  date = {2019},
  journaltitle = {Archaeometry},
  volume = {61},
  number = {1},
  pages = {161--178},
  issn = {1475-4754},
  doi = {10.1111/arcm.12388}
}



@article{hobson99,
  title = {Tracing Origins and Migration of Wildlife Using Stable Isotopes: A Review},
  shorttitle = {Tracing Origins and Migration of Wildlife Using Stable Isotopes},
  author = {Hobson, Keith A.},
  date = {1999-08-20},
  journaltitle = {Oecologia},
  shortjournal = {Oecologia},
  volume = {120},
  number = {3},
  pages = {314--326},
  issn = {0029-8549, 1432-1939},
  doi = {10.1007/s004420050865}
}



@article{fraser_etal11,
  title = {Manuring and Stable Nitrogen Isotope Ratios in Cereals and Pulses: Towards a New Archaeobotanical Approach to the Inference of Land Use and Dietary Practices},
  shorttitle = {Manuring and Stable Nitrogen Isotope Ratios in Cereals and Pulses},
  author = {Fraser, Rebecca A. and Bogaard, Amy and Heaton, Tim and Charles, Michael and Jones, Glynis and Christensen, Bent T. and Halstead, Paul and Merbach, Ines and Poulton, Paul R. and Sparkes, Debbie and Styring, Amy K.},
  date = {2011-10},
  journaltitle = {Journal of Archaeological Science},
  volume = {38},
  number = {10},
  pages = {2790--2804},
  issn = {0305-4403},
  doi = {10.1016/j.jas.2011.06.024}
}



@article{bogaard_etal13,
  title = {Crop Manuring and Intensive Land Management by {{Europe}}’s First Farmers},
  author = {Bogaard, A. and Fraser, Rebecca and Heaton, Tim and Wallace, Michael and Vaiglova, Petra and Charles, Michael and Jones, Glynis and Evershed, Richard P. and Styring, Amy K. and Andersen, Niels H. and Arbogast, Rose-Marie and Bartosiewicz, L\'{a}szl\'{o} and Gardeisen, Armelle and Kanstrup, Marie and Maier, Ursula and Marinova, Elena and Ninov, Lazar and Sch\"{a}fer, Marguerita and Stephan, Elisabeth},
  date = {2013-07},
  journaltitle = {PNAS},
  volume = {110},
  number = {31},
  eprint = {23858458},
  eprinttype = {pmid},
  pages = {12589--12594},
  issn = {0027-8424, 1091-6490},
  doi = {10.1073/pnas.1305918110}
}



@article{cook01,
  title = {Effects of Frequent Fires and Grazing on Stable Nitrogen Isotope Ratios of Vegetation in Northern {{Australia}}},
  author = {Cook, G. D.},
  date = {2001},
  journaltitle = {Austral Ecology},
  volume = {26},
  number = {6},
  pages = {630--636},
  issn = {1442-9993},
  doi = {10.1046/j.1442-9993.2001.01150.x}
}



@incollection{erickson82,
  title = {Tillage {{Effects}} on {{Soil Aeration}}},
  booktitle = {Predicting {{Tillage Effects}} on {{Soil Physical Properties}} and {{Processes}}},
  author = {Erickson, A. E.},
  date = {1982},
  pages = {91--104},
  publisher = {{John Wiley \& Sons, Ltd}},
  doi = {10.2134/asaspecpub44.c6}
}



@article{hobbie_hogberg12,
  title = {Nitrogen Isotopes Link Mycorrhizal Fungi and Plants to Nitrogen Dynamics},
  author = {Hobbie, Erik A. and H\"{o}gberg, Peter},
  date = {2012},
  journaltitle = {New Phytologist},
  volume = {196},
  number = {2},
  pages = {367--382},
  issn = {1469-8137},
  doi = {10.1111/j.1469-8137.2012.04300.x}
}



@article{pereira_etal08,
  title = {Genetic Signatures of a {{Mediterranean}} Influence in {{Iberian Peninsula}} Sheep Husbandry},
  author = {Pereira, Filipe and Davis, Simon JM and Pereira, Luísa and McEvoy, Brian and Bradley, Daniel G and Amorim, António},
  date = {2006},
  journaltitle = {Molecular Biology and Evolution},
  shortjournal = {Molecular Biology and Evolution},
  volume = {23},
  number = {7},
  pages = {1420--1426},
  publisher = {{Oxford University Press}},
  issn = {1537-1719}
}



@article{newman_etal02,
  title = {Identification of Archaeological Animal Bone by {{PCR}}/{{DNA}} Analysis},
  author = {Newman, Margaret E. and Parboosingh, Jillian S. and Bridge, Peter J. and Ceri, Howard},
  date = {2002},
  journaltitle = {Journal of Archaeological Science},
  volume = {29},
  number = {1},
  pages = {77--84},
  publisher = {{Elsevier}},
  isbn = {0305-4403},
  doi = {https://doi.org/10.1006/jasc.2001.0688}
}



@article{seersholm_etal21,
  title = {Ancient {{DNA}} from Bulk Bone Reveals Past Genetic Diversity of Vertebrate Fauna on {{Kangaroo Island}}, {{Australia}}},
  author = {Seersholm, Frederik V. and Grealy, Alicia and McDowell, Matthew C. and Cole, Theresa L. and Arnold, Lee J. and Prideaux, Gavin J. and Bunce, Michael},
  date = {2021},
  journaltitle = {Quaternary Science Reviews},
  volume = {262},
  pages = {106962},
  publisher = {{Elsevier}},
  isbn = {0277-3791},
  doi = {https://doi.org/10.1016/j.quascirev.2021.106962}
}



@article{ottoni_etal09,
  title = {Preservation of Ancient {{DNA}} in Thermally Damaged Archaeological Bone},
  author = {Ottoni, Claudio and Koon, Hannah EC and Collins, Matthew J. and Penkman, Kirsty EH and Rickards, Olga and Craig, Oliver E.},
  date = {2009},
  journaltitle = {Naturwissenschaften},
  volume = {96},
  number = {2},
  pages = {267--278},
  publisher = {{Springer}},
  isbn = {1432-1904},
  doi = {https://doi.org/10.1007/s00114-008-0478-5}
}



@incollection{buckley18,
  title = {Zooarchaeology by {{Mass Spectrometry}} ({{ZooMS}}) {{Collagen Fingerprinting}} for the {{Species Identification}} of {{Archaeological Bone Fragments}}},
  booktitle = {Zooarchaeology in {{Practice}}: {{Case Studies}} in {{Methodology}} and {{Interpretation}} in {{Archaeofaunal Analysis}}},
  author = {Buckley, Michael},
  editor = {Giovas, Christina M. and LeFebvre, Michelle J.},
  date = {2018},
  pages = {227--247},
  publisher = {{Springer International Publishing}},
  location = {{Cham}},
  doi = {10.1007/978-3-319-64763-0_12}
}



@article{tuross94,
  title = {The Biochemistry of Ancient {{DNA}} in Bone},
  author = {Tuross, Noreen},
  date = {1994-06},
  journaltitle = {Experientia},
  volume = {50},
  number = {6},
  pages = {530--535},
  issn = {1420-9071},
  doi = {10.1007/BF01921721}
}



@incollection{tuross_stathoplos93,
  title = {[9] {{Ancient}} Proteins in Fossil Bones},
  booktitle = {Methods in {{Enzymology}}},
  author = {Tuross, Noreen and Stathoplos, Linda},
  date = {1993-01},
  series = {Molecular {{Evolution}}: {{Producing}} the {{Biochemical Data}}},
  volume = {224},
  pages = {121--129},
  publisher = {{Academic Press}},
  doi = {10.1016/0076-6879(93)24010-R}
}



@article{rybczynski_etal13,
  title = {Mid-{{Pliocene}} Warm-Period Deposits in the {{High Arctic}} Yield Insight into Camel Evolution},
  author = {Rybczynski, Natalia and Gosse, John C. and Richard Harington, C. and Wogelius, Roy A. and Hidy, Alan J. and Buckley, Mike},
  date = {2013-03},
  journaltitle = {Nature Communications},
  volume = {4},
  number = {1},
  pages = {1550},
  issn = {2041-1723},
  doi = {10.1038/ncomms2516}
}


@article{haynes_etal02,
  title = {Bone {{Preservation}} and {{Ancient DNA}}: {{The Application}} of {{Screening Methods}} for {{Predicting DNA Survival}}},
  shorttitle = {Bone {{Preservation}} and {{Ancient DNA}}},
  author = {Haynes, Susan and Searle, Jeremy B. and Bretman, Amanda and Dobney, Keith M.},
  date = {2002-06},
  journaltitle = {Journal of Archaeological Science},
  volume = {29},
  number = {6},
  pages = {585--592},
  issn = {0305-4403},
  doi = {10.1006/jasc.2001.0731}
}


@article{poinar_stankiewicz99,
  title = {Protein Preservation and {{DNA}} Retrieval from Ancient Tissues},
  author = {Poinar, H. and Stankiewicz, A.},
  date = {1999},
  journaltitle = {PNAS},
  volume = {96},
  number = {15},
  eprint = {10411891},
  eprinttype = {pmid},
  pages = {8426--8431},
  issn = {0027-8424, 1091-6490},
  doi = {10.1073/pnas.96.15.8426}
}



@article{ricard-blum11,
  title = {The {{Collagen Family}}},
  author = {Ricard-Blum, S.},
  date = {2011-01},
  journaltitle = {Cold Spring Harb Perspect Biol},
  volume = {3},
  number = {1},
  eprint = {21421911},
  eprinttype = {pmid},
  pages = {a004978},
  issn = {, 1943-0264},
  doi = {10.1101/cshperspect.a004978}
}



@article{chu_etal84,
  title = {Human pro$\alpha 1$ ({{I}}) Collagen Gene Structure Reveals Evolutionary Conservation of a Pattern of Introns and Exons},
  author = {Chu, Mon-Li and de Wet, Wouter and Bernard, Michael and Ding, Juy-Fang and Morabito, Maria and Myers, Jeanne and Williams, Charlene and Ramirez, Francesco},
  options = {useprefix=true},
  date = {1984-07},
  journaltitle = {Nature},
  volume = {310},
  number = {5975},
  pages = {337--340},
  issn = {1476-4687},
  doi = {10.1038/310337a0}
}



@article{kadler_etal96,
  title = {Collagen Fibril Formation},
  author = {Kadler, K. and Holmes, D. and Trotter, John A. and Chapman, J.},
  date = {1996},
  journaltitle = {Biochem J},
  volume = {316},
  number = {1},
  pages = {1--11},
  issn = {0264-6021},
  doi = {10.1042/bj3160001}
}




@article{buckley_etal08,
  title = {A Method of Isolating the Collagen ({{I}}) $\alpha 2$ Chain Carboxytelopeptide for Species Identification in Bone Fragments},
  author = {Buckley, M. and Collins, Matthew and Thomas-Oates, Jane},
  date = {2008},
  journaltitle = {Analytical Biochemistry},
  volume = {374},
  number = {2},
  pages = {325--334},
  issn = {0003-2697},
  doi = {10.1016/j.ab.2007.12.002}
}



@article{buckley_etal09,
  title = {Species Identification by Analysis of Bone Collagen Using Matrix-Assisted Laser Desorption/Ionisation Time-of-Flight Mass Spectrometry},
  author = {Buckley, M. and Collins, Matthew and Thomas‐Oates, Jane and Wilson, Julie C.},
  date = {2009},
  journaltitle = {Rapid Communications in Mass Spectrometry},
  volume = {23},
  number = {23},
  pages = {3843--3854},
  issn = {1097-0231},
  doi = {10.1002/rcm.4316}
}



@article{buckley_etal10,
  title = {Distinguishing between Archaeological Sheep and Goat Bones Using a Single Collagen Peptide},
  author = {Buckley, M. and Whitcher Kansa, Sarah and Howard, Sarah and Campbell, Stuart and Thomas-Oates, Jane and Collins, Matthew},
  date = {2010},
  journaltitle = {Journal of Archaeological Science},
  volume = {37},
  number = {1},
  pages = {13--20},
  issn = {0305-4403},
  doi = {10.1016/j.jas.2009.08.020}
}



@article{buckley_etal11,
  title = {Mammoth and {{Mastodon}} Collagen Sequences; Survival and Utility},
  author = {Buckley, M. and Larkin, N. and Collins, M.},
  date = {2011-04},
  journaltitle = {Geochimica et Cosmochimica Acta},
  volume = {75},
  number = {7},
  pages = {2007--2016},
  issn = {0016-7037},
  doi = {10.1016/j.gca.2011.01.022}
}




@article{longin71,
  title = {New {{Method}} of {{Collagen Extraction}} for {{Radiocarbon Dating}}},
  author = {Longin, R.},
  date = {1971-03},
  journaltitle = {Nature},
  volume = {230},
  number = {5291},
  pages = {241--242},
  issn = {0028-0836, 1476-4687},
  doi = {10.1038/230241a0}
}



@article{richards_hedges99,
  title = {Stable {{Isotope Evidence}} for {{Similarities}} in the {{Types}} of {{Marine Foods Used}} by {{Late Mesolithic Humans}} at {{Sites Along}} the {{Atlantic Coast}} of {{Europe}}},
  author = {Richards, M. P. and Hedges, R. E. M.},
  date = {1999-06},
  journaltitle = {Journal of Archaeological Science},
  volume = {26},
  number = {6},
  pages = {717--722},
  issn = {0305-4403},
  doi = {10.1006/jasc.1998.0387}
}



@article{vandoorn_etal11,
  title = {A Novel and Non-Destructive Approach for {{ZooMS}} Analysis: Ammonium Bicarbonate Buffer Extraction},
  shorttitle = {A Novel and Non-Destructive Approach for {{ZooMS}} Analysis},
  author = {van Doorn, Nienke Laura and Hollund, Hege and Collins, Matthew J.},
  options = {useprefix=true},
  date = {2011-09},
  journaltitle = {Archaeological and Anthropological Sciences},
  shortjournal = {Archaeol Anthropol Sci},
  volume = {3},
  number = {3},
  pages = {281--289},
  issn = {1866-9557, 1866-9565},
  doi = {10.1007/s12520-011-0067-y}
}



@article{strohalm_etal10,
  title = {{{mMass}} 3: {{A Cross-Platform Software Environment}} for {{Precise Analysis}} of {{Mass Spectrometric Data}}},
  shorttitle = {{{mMass}} 3},
  author = {Strohalm, Martin and Kavan, Daniel and Novák, Petr and Volný, Michael and Havlíček, Vladimír},
  date = {2010-06-01},
  journaltitle = {Analytical Chemistry},
  shortjournal = {Anal. Chem.},
  volume = {82},
  number = {11},
  pages = {4648--4651},
  publisher = {{American Chemical Society}},
  issn = {0003-2700},
  doi = {10.1021/ac100818g}
}



@article{wachsmann_etal09,
  title = {The {{Palaeo}}‐{{Environmental Contexts}} of {{Three Possible Phoenician Anchorages}} in {{Portugal}}},
  author = {Wachsmann, Shelley and Dunn, Richard K. and Hale, John R. and Hohlfelder, Robert L. and Conyers, Lawrence B. and Ernenwein, Eileen G. and Sheets, Payson and Blot, Maria Luisa Pienheiro and Castro, Filipe and Davis, Dan},
  date = {2009-09-01},
  journaltitle = {International Journal of Nautical Archaeology},
  volume = {38},
  number = {2},
  pages = {221--253},
  publisher = {{Routledge}},
  issn = {1057-2414},
  doi = {10.1111/j.1095-9270.2009.00224.x}
}



@article{fletcher_etal07,
  title = {Palynological Evidence for Environmental and Climatic Change in the Lower {{Guadiana}} Valley, {{Portugal}}, during the Last 13 000 dates},
  author = {Fletcher, William J. and Boski, Tomasz and Moura, Delminda},
  date = {2007-05},
  journaltitle = {The Holocene},
  volume = {17},
  number = {4},
  pages = {481--494},
  issn = {0959-6836},
  doi = {10.1177/0959683607077027}
}



@article{fernandez-crespo_etal19,
  title = {A Snapshot of Subsistence in {{Iron Age Iberia}}: {{The}} Case of {{La Hoya}} Village},
  shorttitle = {A Snapshot of Subsistence in {{Iron Age Iberia}}},
  author = {Fernández-Crespo, Teresa and Ordoño, Javier and Bogaard, Amy and Llanos, Armando and Schulting, Rick},
  date = {2019-12},
  journaltitle = {Journal of Archaeological Science: Reports},
  volume = {28},
  pages = {102037},
  issn = {2352-409X},
  doi = {10.1016/j.jasrep.2019.102037}
}



@article{cloern_etal02,
  title = {Stable Carbon and Nitrogen Isotope Composition of Aquatic and Terrestrial Plants of the {{San Francisco Bay}} Estuarine System},
  author = {Cloern, James E. and Canuel, Elizabeth A. and Harris, David},
  date = {2002},
  journaltitle = {Limnology and Oceanography},
  volume = {47},
  number = {3},
  pages = {713--729},
  issn = {1939-5590},
  doi = {10.4319/lo.2002.47.3.0713}
}


@article{jalut_etal00,
  title = {Holocene Climatic Changes in the {{Western Mediterranean}}, from South-East {{France}} to South-East {{Spain}}},
  author = {Jalut, Guy and Amat, Augustin Esteban and Bonnet, Louis and Gauquelin, Thierry and Fontugne, Michel},
  date = {2000},
  journaltitle = {Palaeogeography, Palaeoclimatology, Palaeoecology},
  volume = {160},
  number = {3-4},
  pages = {255--290},
  publisher = {{Elsevier}},
  isbn = {0031-0182}
}



@article{magny_etal02,
  title = {Assessment of the Impact of Climate and Anthropogenic Factors on {{Holocene Mediterranean}} Vegetation in {{Europe}} on the Basis of Palaeohydrological Records},
  author = {Magny, Michel and Miramont, Cécile and Sivan, Olivier},
  date = {2002},
  journaltitle = {Palaeogeography, Palaeoclimatology, Palaeoecology},
  volume = {186},
  number = {1-2},
  pages = {47--59},
  publisher = {{Elsevier}},
  isbn = {0031-0182}
}


@inproceedings{semmler90,
  title = {Cerro Del {{Villar}} 1987. {{Informe}} de La Primera Campaña de Excavaciones En El Asentamiento Fenicio de La Desembocadura Del Río {{Guadalhorce}} ({{Málaga}})},
  booktitle = {Anuario Arqueológico de {{Andalucía}} 1987},
  author = {Semmler, María Eugenia Aubet},
  date = {1990},
  pages = {310--316},
  isbn = {84-87004-05-9}
}



@inproceedings{semmler92,
  title = {Proyecto {{Cerro}} Del {{Villar}} ({{Guadalhorce}}, {{Málaga}}): Estudio de Materiales 1990},
  booktitle = {Anuario Arqueológico de {{Andalucía}} 1990},
  author = {Semmler, María Eugenia Aubet},
  date = {1992},
  pages = {304--306},
  isbn = {84-87004-22-9}
}



@article{riehl09,
  title = {Archaeobotanical Evidence for the Interrelationship of Agricultural Decision-Making and Climate Change in the Ancient {{Near East}}},
  author = {Riehl, Simone},
  date = {2009-03},
  journaltitle = {Quaternary International},
  series = {Quaternary {{History}} of the {{Black Sea}} and {{Adjacent Regions}}: {{Selected Papers}}, {{IGCP}} 521-{{INQUA0501}}, {{Odessa}} and {{Gelendzhik-Kerch Plenary Meetings}}},
  volume = {197},
  number = {1},
  pages = {93--114},
  issn = {1040-6182},
  doi = {10.1016/j.quaint.2007.08.005}
}



@incollection{dixon06,
  title = {Origins and Diversity of {{Brassica}} and Its Relatives.},
  booktitle = {Vegetable Brassicas and Related Crucifers},
  author = {Dixon, G. R.},
  editor = {Dixon, G. R.},
  date = {2006},
  pages = {1--33},
  publisher = {{CABI}},
  location = {{Wallingford}},
  doi = {10.1079/9780851993959.0001},
  isbn = {978-0-85199-395-9}
}



@article{pena-chocarro_etal19,
  title = {Roman and Medieval Crops in the {{Iberian Peninsula}}: {{A}} First Overview of Seeds and Fruits from Archaeological Sites},
  shorttitle = {Roman and Medieval Crops in the {{Iberian Peninsula}}},
  author = {Peña-Chocarro, Leonor and Pérez- Jordà, Guillem and Alonso, Natàlia and Antolín, Ferran and Teira-Brión, Andrés and Tereso, João Pedro and Montes Moya, Eva María and López Reyes, Daniel},
  date = {2019-01-02},
  journaltitle = {Quaternary International},
  shortjournal = {Quaternary International},
  series = {Food {{Production}} and {{Land Use}}},
  volume = {499},
  pages = {49--66},
  issn = {1040-6182},
  doi = {10.1016/j.quaint.2017.09.037}
}



@incollection{wilson16,
  title = {Spices and {{Flavoring Crops}}: {{Fruits}} and {{Seeds}}},
  shorttitle = {Spices and {{Flavoring Crops}}},
  booktitle = {Encyclopedia of {{Food}} and {{Health}}},
  author = {Wilson, L.},
  editor = {Caballero, Benjamin and Finglas, Paul M. and Toldrá, Fidel},
  date = {2016-01-01},
  pages = {73--83},
  publisher = {{Academic Press}},
  location = {{Oxford}},
  doi = {10.1016/B978-0-12-384947-2.00647-4}
}




@incollection{tobyn_etal11,
  title = {{{CHAPTER}} 9 - {{Apium}} Graveolens, Wild Celery},
  booktitle = {Medical {{Herbs}}},
  author = {Tobyn, Graeme and Denham, Alison and Whitelegg, Margaret},
  editor = {Tobyn, Graeme and Denham, Alison and Whitelegg, Margaret},
  date = {2011-01-01},
  pages = {79--89},
  publisher = {{Churchill Livingstone}},
  location = {{Edinburgh}},
  doi = {10.1016/B978-0-443-10344-5.00014-8}
}



@article{sturtevant86,
  title = {History of {{Celery}}},
  author = {Sturtevant, E. Lewis},
  date = {1886-07},
  journaltitle = {The American Naturalist},
  shortjournal = {The American Naturalist},
  volume = {20},
  number = {7},
  pages = {599--606},
  issn = {0003-0147, 1537-5323},
  doi = {10.1086/274288}
}



@article{gale_carruthers00,
  title = {Charcoal and Charred Seed Remains from {{Middle Palaeolithic}} Levels at {{Gorham}}’s and {{Vanguard Caves}}},
  author = {Gale, Rowena and Carruthers, Wendy},
  date = {2000},
  journaltitle = {Neanderthals on the Edge. Oxford: Oxbow Books},
  pages = {207--210}
}



@article{haws04,
  title = {An {{Iberian}} Perspective on {{Upper Paleolithic}} Plant Consumption},
  author = {Haws, Jonathan},
  date = {2004-01},
  journaltitle = {Promontoria},
  volume = {2},
  pages = {49--106}
}



@article{guiry_szpak21,
  title = {Improved Quality Control Criteria for Stable Carbon and Nitrogen Isotope Measurements of Ancient Bone Collagen},
  author = {Guiry, Eric J. and Szpak, Paul},
  date = {2021-08-01},
  journaltitle = {Journal of Archaeological Science},
  shortjournal = {Journal of Archaeological Science},
  volume = {132},
  pages = {105416},
  issn = {0305-4403},
  doi = {10.1016/j.jas.2021.105416}
}



@article{gramazio_etal17,
  title = {Colorgorical: {{Creating}} Discriminable and Preferable Color Palettes for Information Visualization},
  shorttitle = {Colorgorical},
  author = {Gramazio, Connor C. and Laidlaw, David H. and Schloss, Karen B.},
  date = {2017-01},
  journaltitle = {IEEE Transactions on Visualization and Computer Graphics},
  shortjournal = {IEEE Trans. Visual. Comput. Graphics},
  volume = {23},
  number = {1},
  pages = {521--530},
  issn = {1077-2626},
  doi = {10.1109/TVCG.2016.2598918}
}


@article{wakshal_nielsen82,
  title = {Variations of {{$\delta ^{34}S$}}($SO_{4}$), {{$\delta ^{18}O$}}({{$H_{2}O$}}) and {{Cl}}/{{$SO_{4}$}} Ratio in Rainwater over Northern {{Israel}}, from the {{Mediterranean Coast}} to {{Jordan Rift Valley}} and {{Golan Heights}}},
  author = {Wakshal, Eliyahu and Nielsen, Heimo},
  date = {1982-12-01},
  journaltitle = {Earth and Planetary Science Letters},
  shortjournal = {Earth and Planetary Science Letters},
  volume = {61},
  number = {2},
  pages = {272--282},
  issn = {0012-821X},
  doi = {10.1016/0012-821X(82)90058-9}
}



@article{mizota_sasaki96,
  title = {Sulfur Isotope Composition of Soils and Fertilizers: {{Differences}} between {{Northern}} and {{Southern}} Hemispheres},
  shorttitle = {Sulfur Isotope Composition of Soils and Fertilizers},
  author = {Mizota, C. and Sasaki, A.},
  date = {1996-05-01},
  journaltitle = {Geoderma},
  shortjournal = {Geoderma},
  volume = {71},
  number = {1},
  pages = {77--93},
  issn = {0016-7061},
  doi = {10.1016/0016-7061(95)00091-7}
}



@incollection{rutter02,
  title = {Behaviour of {{Sheep}} and {{Goats}}},
  booktitle = {The Ethology of Domestic Animals: {{An}} Introductory Text},
  author = {Rutter, S Mark},
  date = {2002},
  volume = {145},
  pages = {148--155}
}



@article{zalaite_etal18,
  title = {Diet and Mobility of Fauna from {{Late Neolithic}}–{{Chalcolithic}} Site of {{Perdigões}}, {{Portugal}}},
  author = {Žalaitė, I. and Maurer, A. F. and Grimes, V. and Silva, A. M. and Ribeiro, S. and Santos, J. F. and Barrocas Dias, C. and Valera, A. C.},
  date = {2018-06-01},
  journaltitle = {Journal of Archaeological Science: Reports},
  shortjournal = {Journal of Archaeological Science: Reports},
  volume = {19},
  pages = {674--685},
  issn = {2352-409X},
  doi = {10.1016/j.jasrep.2018.03.033}
}



@article{waterman_etal16,
  title = {Stable {{Isotope Analysis}} of {{Diet-based Social Differentiation}} at {{Late Prehistoric Collective Burials}} in {{South-Western Portugal}}},
  author = {Waterman, A. J. and Tykot, R. H. and Silva, A. M.},
  date = {2016},
  journaltitle = {Archaeometry},
  volume = {58},
  number = {1},
  pages = {131--151},
  issn = {1475-4754},
  doi = {10.1111/arcm.12159}
}



@article{bonafini_etal13,
  title = {Investigation of the ‘Canopy Effect’ in the Isotope Ecology of Temperate Woodlands},
  author = {Bonafini, M. and Pellegrini, M. and Ditchfield, P. and Pollard, A. M.},
  date = {2013-11},
  journaltitle = {Journal of Archaeological Science},
  volume = {40},
  number = {11},
  pages = {3926--3935},
  issn = {0305-4403},
  doi = {10.1016/j.jas.2013.03.028}
}




@article{guiry_etal21a,
  title = {Archaeological Herbivore $\delta ^{13}C$ and $\delta ^{34}S$ Provide a Marker for Saltmarsh Use and New Insights into the Process of {{15N-enrichment}} in Coastal Plants},
  author = {Guiry, Eric and Noël, Stéphane and Fowler, Jonathan},
  date = {2021-01-01},
  journaltitle = {Journal of Archaeological Science},
  shortjournal = {Journal of Archaeological Science},
  volume = {125},
  pages = {105295},
  issn = {0305-4403},
  doi = {10.1016/j.jas.2020.105295}
}



@article{green84,
  title = {The {{Feeding Ecology}} and {{Survival}} of {{Partridge Chicks}} ({{Alectoris}} Rufa and {{Perdix}} Perdix) on {{Arable Farmland}} in {{East Anglia}}},
  author = {Green, R. E.},
  date = {1984},
  journaltitle = {Journal of Applied Ecology},
  volume = {21},
  number = {3},
  eprint = {2405049},
  eprinttype = {jstor},
  pages = {817--830},
  publisher = {{[British Ecological Society, Wiley]}},
  issn = {0021-8901},
  doi = {10.2307/2405049}
}



@article{perez-hurtado_etal97,
  title = {The Diet of Wintering Waders in {{Cádiz Bay}}, Southwest {{Spain}}},
  author = {Perez-Hurtado, A. and Goss-Custard, J.D. and Garcia, F.},
  date = {1997-03-01},
  journaltitle = {Bird Study},
  volume = {44},
  number = {1},
  pages = {45--52},
  publisher = {{Taylor \& Francis}},
  issn = {0006-3657},
  doi = {10.1080/00063659709461037}
}



@article{bull_etal04,
  title = {Local-Scale Variability in the Diet of {{Black-legged Kittiwakes Rissa}} Tridactyla},
  author = {Bull, J. and Wanless, S. and Elston, D. A. and Daunt, F. and Lewis, S. and Harris, M. P. and J, Bull and Wanless, S. and Elston, D. A. and Daunt, F. and Lewis, S. and Harris, M. P.},
  date = {2004},
  journaltitle = {Ardea},
  pages = {43--52}
}



@article{hamilton_etal19,
  title = {‘{{Celtic}} Cowboys’ Reborn: {{Application}} of Multi-Isotopic Analysis ($\delta ^{13}C$, $\delta ^{15}N$, and $\delta ^{34}S$) to Examine Mobility and Movement of Animals within an {{Iron Age British}} Society},
  shorttitle = {‘{{Celtic}} Cowboys’ Reborn},
  author = {Hamilton, W. Derek and Sayle, Kerry L. and Boyd, Marcus O. E. and Haselgrove, Colin C. and Cook, Gordon T.},
  date = {2019-01-01},
  journaltitle = {Journal of Archaeological Science},
  shortjournal = {Journal of Archaeological Science},
  volume = {101},
  pages = {189--198},
  issn = {0305-4403},
  doi = {10.1016/j.jas.2018.04.006}
}



@article{schulting_etal19,
  title = {The Ups \& Downs of {{Iron Age}} Animal Management on the {{Oxfordshire Ridgeway}}, South-Central {{England}}: {{A}} Multi-Isotope Approach},
  shorttitle = {The Ups \& Downs of {{Iron Age}} Animal Management on the {{Oxfordshire Ridgeway}}, South-Central {{England}}},
  author = {Schulting, Rick J. and le Roux, Petrus and Gan, Yee Min and Pouncett, John and Hamilton, Julie and Snoeck, Christophe and Ditchfield, Peter and Henderson, Rowena and Lange, Priscilla and Lee-Thorp, Julia and Gosden, Chris and Lock, Gary},
  options = {useprefix=true},
  date = {2019-01-01},
  journaltitle = {Journal of Archaeological Science},
  shortjournal = {Journal of Archaeological Science},
  volume = {101},
  pages = {199--212},
  issn = {0305-4403},
  doi = {10.1016/j.jas.2018.09.006}
}



@article{styring_etal17,
  title = {Centralisation and Long-Term Change in Farming Regimes: {{Comparing}} Agricultural Practices in {{Neolithic}} and {{Iron Age}} South-West {{Germany}}},
  shorttitle = {Centralisation and Long-Term Change in Farming Regimes},
  author = {Styring, Amy and Rösch, Manfred and Stephan, Elisabeth and Stika, Hans-Peter and Fischer, Elske and Sillmann, Marion and Bogaard, Amy},
  date = {2017-12},
  journaltitle = {Proc. Prehist. Soc.},
  volume = {83},
  pages = {357--381},
  issn = {0079-497X, 2050-2729},
  doi = {10.1017/ppr.2017.3}
}



@book{ribeiro45,
  title = {Portugal, o {{Mediterrâneo}} Eo {{Atlântico}}: Estudo Geográfico},
  author = {Ribeiro, Orlando},
  date = {1945}
}



@article{dalcin_etal20,
  title = {Climate {{Adaptation Plans}} in the {{Context}} of {{Coastal Settlements}}: {{The Case}} of {{Portugal}}},
  shorttitle = {Climate {{Adaptation Plans}} in the {{Context}} of {{Coastal Settlements}}},
  author = {Dalcin, Francesca and Fleischmann, Martin and Romice, Ombretta and Costa, João Pedro},
  date = {2020-01},
  journaltitle = {Sustainability},
  volume = {12},
  number = {20},
  pages = {8559},
  publisher = {{Multidisciplinary Digital Publishing Institute}},
  issn = {2071-1050},
  doi = {10.3390/su12208559}
}



@article{carvalho_andrea03,
  title = {Potential of Borehole Systems in {{Portugal}}},
  author = {Carvalho, Nunesde and Andrea, Lara},
  date = {2003},
  publisher = {{Luleå tekniska universitet}},
  isbn = {1402-1617}
}



@book{roller14,
  title = {The Geography of {{Strabo}}: {{An English}} Translation, with Introduction and Notes},
  author = {Roller, Duane W.},
  date = {2014},
  publisher = {{Cambridge University Press}},
  isbn = {1-139-95249-8}
}



@inproceedings{soares_arruda17,
  title = {A Cronologia de Radiocarbono Para a {{Idade}} Do {{Ferro Orientalizante}} No Território Português. {{Uma}} Leitura Crítica Dos Dados Arqueométricos e Arqueológicos},
  author = {Soares, António and Arruda, Ana},
  date = {2017-12-15},
  location = {{Barcelona}},
  eventtitle = {{{IberCrono}} 2016 {{Cronometrías Para}} La {{Historia}} de La {{Península Ibérica}}}
}



@article{eshel_etal19,
  title = {Lead Isotopes in Silver Reveal Earliest {{Phoenician}} Quest for Metals in the West {{Mediterranean}}},
  author = {Eshel, Tzilla and Erel, Yigal and Yahalom-Mack, Naama and Tirosh, Ofir and Gilboa, Ayelet},
  date = {2019-03},
  journaltitle = {Proc Natl Acad Sci USA},
  volume = {116},
  number = {13},
  pages = {6007},
  doi = {10.1073/pnas.1817951116}
}


@article{renzi_etal12,
  title = {Riflessioni Sulla Metallurgia Fenicia Dell’argento Nella {{Penisola Iberica}}},
  author = {Renzi, Martina and Rovira Llorens, Salvador and Montero Ruiz, Ignacio},
  date = {2012}
}



@article{wood_etal19,
  title = {From {{Iberia}} to the {{Southern Levant}}: {{The Movement}} of {{Silver Across}} the {{Mediterranean}} in the {{Early Iron Age}}},
  author = {Wood, Jonathan R. and Montero-Ruiz, Ignacio and Martinón-Torres, Marcos},
  date = {2019-03},
  journaltitle = {Journal of World Prehistory},
  volume = {32},
  number = {1},
  pages = {1--31},
  issn = {1573-7802},
  doi = {10.1007/s10963-018-09128-3}
}



@article{wagner_alvar03,
  title = {La Colonización Agrícola En La {{Península Ibérica}}. {{Estado}} de La Cuestión y Nuevas Perspectivas},
  author = {Wagner, Carlos G and Alvar, Jaime},
  date = {2003},
  journaltitle = {Ecohistoria del paisaje agrario. La agricultura fenicio-púnica en el Mediterráneo},
  volume = {95},
  pages = {187--204}
}



@article{wagner_alvar89,
  title = {Fenicios En {{Occidente}}: La Colonización Agrícola},
  author = {Wagner, Carlos González and Alvar, Jaime},
  date = {1989},
  journaltitle = {Rivista di Studi Fenici},
  volume = {17},
  number = {1},
  pages = {61--102}
}



@article{manfredi92,
  title = {Le Saline e Il Sale Nel Mondo Punico},
  author = {Manfredi, L. I.},
  date = {1992},
  journaltitle = {Rivista di Studi Fenici},
  volume = {20},
  number = {1},
  pages = {3--14}
}



@inproceedings{uriel00,
  title = {El Comercio de La Púrpura},
  booktitle = {Intercambio y Comercio Preclásico En El {{Mediterráneo}}: Actas Del {{I}} Coloquio Del {{CEFYP}}, {{Madrid}}, 9-12 de Noviembre, 1998},
  author = {Uriel, Pilar Fernández},
  date = {2000},
  pages = {271--280},
  publisher = {{Centro de Estudios Fenicios y Púnicos}},
  isbn = {84-931207-6-6}
}



@article{treumann98,
  title = {The Role of Wood in the Rise and Decline of the {{Phoenician}} Settlements on the {{Iberian Peninsula}}.},
  author = {Treumann, Brigitte},
  date = {1998}
}



@book{treumann09,
  title = {Lumbermen and {{Shipwrights}}: {{Phoenicians}} on the {{Mediterranean Coast}} of {{Southern Spain}}},
  author = {Treumann, Brigitte},
  date = {2009}
}



@inproceedings{arrastio00,
  title = {Tartessos, Estelas, Modelos Pesimistas},
  booktitle = {Intercambio y Comercio Preclásico En El {{Mediterráneo}}: Actas Del {{I}} Coloquio Del {{CEFYP}}, {{Madrid}}, 9-12 de Noviembre, 1998},
  author = {Arrastio, Francisco José Moreno},
  date = {2000},
  pages = {153--174},
  publisher = {{Centro de Estudios Fenicios y Púnicos}},
  isbn = {84-931207-6-6}
}



@article{arrastio99,
  title = {Conflictos y Perspectivas En El Periodo Precolonial Tartésico},
  author = {Arrastio, Francisco José Moreno},
  date = {1999},
  journaltitle = {Gerión. Revista de Historia Antigua},
  volume = {17},
  pages = {149}
}



@article{arruda03,
  title = {Contributo Da Colonização Fenícia Para a Domesticação Da Terra Portuguesa},
  author = {Arruda, Ana Margarida},
  date = {2003},
  journaltitle = {Ecohistoria del paisaje agrario-la agricultura fenicio-púnica en el mediterráneo},
  pages = {205--217}
}



@article{neville98,
  title = {The {{Phoenicians}} in {{Iberia}}: {{Settlements}}, {{Cemetries}}, {{Trade}} and {{Agriculture}}},
  author = {Neville, Ann},
  date = {1998}
}



@article{arruda19,
  title = {Phoenicians in {{Portugal}}},
  author = {Arruda, Ana Margarida},
  date = {2019},
  journaltitle = {The Oxford Handbook of the Phoenician and Punic Mediterranean. Oxford: oup},
  pages = {603--616}
}



@article{buxo08,
  title = {The Agricultural Consequences of Colonial Contacts on the {{Iberian Peninsula}} in the First Millennium b.c},
  author = {Buxó, Ramon},
  date = {2008-01},
  journaltitle = {Veget Hist Archaeobot},
  volume = {17},
  number = {1},
  pages = {145--154},
  issn = {1617-6278},
  doi = {10.1007/s00334-007-0133-7}
}



@article{catala99,
  title = {La Agricultura: Los Recursos Vegetales a Partir de Las Semillas y Los Frutos},
  author = {Cátala, M.},
  date = {1999},
  journaltitle = {AUBET SEMMLER, ME, et alii Cerro del Villar I. El Asentamiento fenicio en la desembocadura del río Guadalhorce y su interacción con el hinterland. Arqueología Monografías},
  volume = {5}
}



@inproceedings{bellard_etal93,
  title = {Témoignage d'une Production de Vin Dans l'{{Espagne}} Préromaine},
  booktitle = {La Production Du Vin et l'huile En {{Mediterranée}}:[{{Actes}} Du {{Symposium International}},({{Aix-en-Provence}} et {{Toulon}}, 20-22 Novembre 1991)},
  author = {Bellard, Carlos Gómez and Fockedey, Pierre Guérin and Jordà, Guillem Pérez},
  date = {1993},
  pages = {379--395},
  publisher = {{Ecole Francaise d'Athènes}},
  isbn = {2-86958-060-6}
}



@online{gaspar19,
  type = {masterThesis},
  title = {Phoenician-{{Punic}} Amphorae from {{Castro Marim}}, {{Portugal}}: Provenance and Contents of {{Pellicer}} Amphora Types {{B}}/{{C}} and {{D}}},
  shorttitle = {Phoenician-{{Punic}} Amphorae from {{Castro Marim}}, {{Portugal}}},
  author = {Gaspar, Adam},
  date = {2019-10-29},
  publisher = {{Universidade de Évora}}
}



@article{sanchez_etal19,
  title = {{{MRS}}, {{EDXRF}} and {{GC}}–{{MS}} Analysis for Research on the Ritual and Funerary Areas of {{Cerro}} de Los {{Vientos}} ({{Baeza}}, {{Jaén}}, {{Spain}}). {{Native}} and {{Eastern Mediterranean}} Influences},
  author = {Sánchez, Alberto and Tuñón, José A. and Parras, David J. and Montejo, Manuel and Lechuga, Miguel A. and Ceprián, Bautista and Soto, Marcos and Luque, Álvaro},
  date = {2019-12},
  journaltitle = {Journal of Archaeological Science: Reports},
  volume = {28},
  pages = {102026},
  issn = {2352-409X},
  doi = {10.1016/j.jasrep.2019.102026}
}



@inproceedings{chamorro94,
  title = {Flotation Strategy: {{Method}} and Sampling Plant Dietary Resources of {{Tartessian}} Times at {{Doña Blanca}}},
  booktitle = {Castillo de {{Doña Blanca}}: {{Archaeo-environmental}} Investigations in the {{Bay}} of {{Cádiz}}, {{Spain}} (750-500 {{BC}})},
  author = {Chamorro, Javier G.},
  date = {1994},
  pages = {2--34},
  publisher = {{BAR}},
  isbn = {0-86054-767-1}
}



@article{buxo_etal97,
  title = {Archaeobotanical Remains of Hulled and Naked Cereals in the {{Iberian Peninsula}}},
  author = {Buxó, Ramon and Alonso, N. and Canal, D. and Echave, C. and González, I.},
  date = {1997},
  journaltitle = {Vegetation History and Archaeobotany},
  volume = {6},
  number = {1},
  pages = {15--23},
  publisher = {{Springer}},
  isbn = {1617-6278}
}



@article{rachon_etal12,
  title = {Comparison of the Chemical Composition of Spring Durum Wheat Grain ({{Triticum}} Durum) and Common Wheat Grain ({{Triticum}} Aestivum Ssp. Vulgare)},
  author = {Rachon, L. and Palys, E. and Szumilo, G.},
  date = {2012},
  journaltitle = {Journal of Elementology},
  volume = {17},
  number = {1},
  publisher = {{-}},
  issn = {1644-2296}
}



@article{hillman78,
  title = {On the Origins of Domestic Rye—{{Secale}} Cereale: The Finds from Aceramic {{Can Hasan III}} in {{Turkey}}},
  author = {Hillman, Gordon},
  date = {1978},
  journaltitle = {Anatolian Studies},
  volume = {28},
  pages = {157--174},
  publisher = {{Cambridge University Press}},
  isbn = {2048-0849}
}



@article{jacomet_schlichtherle84,
  title = {Der Kleine {{Pfahlbauweizen Oswald Heer}}'s: Neue {{Untersuchungen}} Zur {{Morphologie}} Neolithischer {{Nacktweizen-Ähren}}},
  author = {Jacomet, Stefanie and Schlichtherle, Helmut},
  date = {1984},
  publisher = {{Balkema}}
}



@article{hopf91,
  title = {South and Southwest {{Europe}}},
  author = {Hopf, Maria},
  date = {1991},
  journaltitle = {Progress in old world palaeoethnobotany},
  pages = {241--277},
  publisher = {{Rotterdam}}
}



@article{hopf64,
  title = {Pflanzliche Reste Aus {{Zambujal}}},
  author = {Hopf, Maria},
  date = {1964},
  journaltitle = {Zambujal Die Grabungen},
  pages = {315--340}
}



@article{pintodasilva43,
  title = {Nota Sobre o Trigo Incarbonizado Do Castro de {{Vila Nova}} de {{S}}. {{Pedro}}},
  author = {Pinto da Silva, A.},
  date = {1943},
  journaltitle = {Castro de Vila Nova de S. Pedro VI–Campanhas arqueológicas de},
  pages = {59--61}
}



@article{silva88,
  title = {A Paleoetnobotânica Na Arqueologia Portuguesa},
  author = {Pinto da Silva, A.},
  date = {1988},
  journaltitle = {Resultados desde 1931 a 1987}
}



@article{queiroz_etal01,
  title = {Estudos de Arqueobotânica Na {{Alcáçova}} de {{Santarém}}},
  author = {Queiroz, Paula and Van Leeuwaarden, W. and Ruas, J.},
  date = {2001},
  journaltitle = {Trabalhos do CIPA},
  volume = {11}
}



@article{queiroz_ruas01,
  title = {Estudos de {{Arqueobotânica}} No {{Penedo}} Dos {{Mouros}}},
  author = {Queiroz, Paula and Ruas, J.},
  date = {2001},
  journaltitle = {Trabalhos Do CIPA},
  publisher = {{CIPA-IPA Lisboa, Portugal}}
}



@article{queiroz_leeuwaarden03,
  title = {Estudos de {{Arqueobotânica}} Em Quatro Estações Pré-Históricas Do {{Parque Arqueológico}} Do {{Vale}} Do {{Côa}}},
  author = {Queiroz, Paula F. and Leeuwaarden, Wim Van},
  date = {2003},
  journaltitle = {Revista Portuguesa de Arqueologia,},
  volume = {6},
  pages = {275--291},
  publisher = {{Instituto Português de Arqueologia}}
}



@article{queiroz_ruas04,
  title = {Impressões Vegetais Num Fragmento Cerâmico Do Sítio Arqueológico Do {{Moinho}} de {{Valadares}} ({{Mourão}})},
  author = {Queiroz, Paula F. and Ruas, J.},
  date = {2004},
  journaltitle = {Trabalhos do CIPA},
  volume = {61}
}



@article{queiroz_etal04,
  title = {Análise Dos Restos Vegetais Carbonizados Recolhidos No Silo 1 Dos {{Paços}} Do {{Concelho}} ({{Torres Vedras}})},
  author = {Queiroz, P. and Van Leeuwaarden, W. and Mendes, P.},
  date = {2004},
  journaltitle = {Trabalhos do CIPA},
  volume = {63}
}



@article{rego_airarodriguez93,
  title = {A Palaeocarpological Study of {{Neolithic}} and {{Bronze Age}} Levels of the {{Buraco}} Da {{Pala}} Rock-Shelter ({{Bragança}}, {{Portugal}})},
  author = {Rego, Pablo Ramil and Aira Rodriguez, María Jesús},
  date = {1993},
  journaltitle = {Vegetation History and Archaeobotany},
  volume = {2},
  number = {3},
  pages = {163--172},
  publisher = {{Springer}},
  isbn = {1617-6278}
}



@thesis{lopez-doriga16,
  type = {http://purl.org/dc/dcmitype/Text},
  title = {The use of plants during the Mesolithic and the Neolithic in the Atlantic coast of the Iberian peninsula},
  author = {López-Dóriga, Inés L.},
  date = {2016},
  institution = {{Universidad de Cantabria}}
}



@article{pena-chocarro_etal18,
  title = {Crops of the First Farming Communities in the {{Iberian Peninsula}}},
  author = {Peña-Chocarro, Leonor and Pérez-Jordà, Guillem and Morales, Jacob},
  date = {2018-03-20},
  journaltitle = {Quaternary International},
  shortjournal = {Quaternary International},
  series = {The {{Neolithic}} Expansion in the {{Western Mediterranean}}:{{Understanding}} a Global Phenomenon from Regional Perspectives},
  volume = {470},
  pages = {369--382},
  issn = {1040-6182},
  doi = {10.1016/j.quaint.2017.06.002}
}


@book{vieira_etal20,
  title = {Landscapes and Landforms of {{Portugal}}},
  author = {Vieira, Gonçalo and Zêzere, José Luís and Mora, Carla},
  date = {2020},
  publisher = {{Springer}},
  isbn = {3-319-03641-6}
}


@book{medeiros_ferreira05,
  title = {Geografia de {{Portugal}}},
  author = {Medeiros, Carlos Alberto and {Ferreira}},
  date = {2005},
  publisher = {{Círculo de Leitores}},
  location = {{Rio de Mouro}},
  abstract = {Bibliografia, p. 481-482},
  isbn = {972-42-3538-6}
}


@article{daveau85,
  title = {Mapas Climáticos de {{Portugal}}. {{Nevoeiro}} e Nebulosidade. {{Contrastes}} Térmicos},
  author = {Daveau, Suzanne},
  date = {1985},
  journaltitle = {Memorias do Centro de estudos geograficos Lisboa},
  number = {7}
}




@article{arruda08,
  title = {Estranhos Numa Terra (Quase) Estranha: Os Contactos Pré-Coloniais No Sul Do Território Actualmente Português},
  author = {Arruda, Ana Margarida},
  date = {2008},
  journaltitle = {Contacto cultural entre el Mediterráneo y el Atlántico (siglos XII-VIII ANE): La Precolonización a debate.},
  pages = {355--370},
  publisher = {{Consejo Superior de Investigaciones Científicas}},
  isbn = {8400086899}
}




@inproceedings{vilaca08,
  title = {Reflexoes Em Torno Da{$<<$} Presença Mediterrânea{$>>$} No {{Centro}} Do Território Português, Na Charneira Do {{Bronze}} Para o {{Ferro}}},
  booktitle = {Contacto Cultural Entre El {{Mediterráneo}} y El {{Atlántico}}:(Siglos {{XII-VII}} Ane): La Precolonización a Debate},
  author = {Vilaça, Raquel},
  date = {2008},
  pages = {371--402},
  publisher = {{Escuela Española de Historia y Arqueología en Roma}},
  isbn = {84-00-08689-9}
}



@article{sousa18,
  title = {A {{Tale}} of {{Two}} (?) {{Cities}}: {{Lisbon}} and {{Almaraz}} at the {{Dawn}} of the {{Iron Age}}.},
  author = {de Sousa, Elisa},
  date = {2018},
  journaltitle = {A Tale of Two (?) Cities: Lisbon and Almaraz at the Dawn of the Iron Age.},
  pages = {137--151},
  publisher = {{Edizioni Quasar}},
  isbn = {0390-3877}
}

@article{neto_etal16,
  title = {Uma Inscrição Lapidar Fenícia Em {{Lisboa}}},
  author = {Neto, Nuno and Rebelo, Paulo and Ribeiro, Ricardo Ávila and Rocha, Miguel and López, José Angel Zamora},
  date = {2016},
  journaltitle = {Revista Portuguesa de Arqueologia},
  volume = {19},
  number = {1},
  pages = {123--128},
  publisher = {{Instituto Português de Arqueologia}},
  isbn = {0874-2782}
}

@article{sousa16,
  title = {A {{Idade}} Do {{Ferro}} Em {{Lisboa}}: Uma Primeira Aproximação a Um Faseamento Cronológico e à Evolução Da Cultura Material.},
  author = {de Sousa, Elisa},
  date = {2016},
  journaltitle = {Cuadernos de Prehistoria y Arqueología. Universidad Autónoma de Madrid},
  volume = {42},
  pages = {167--185},
  publisher = {{Universidad Autónoma de Madrid}},
  isbn = {0211-1608}
}

@article{ferreira_etal20,
  title = {An Archaeometric Study of the {{Phoenician}} Ceramics Found at the {{São Jorge Castle}}'s Hill in {{Lisbon}}},
  author = {Ferreira, LF Vieira and de Sousa, E. and Pereira, M. F. C. and Guerra, Sandra and Machado, I. Ferreira},
  options = {useprefix=true},
  date = {2020},
  journaltitle = {Ceramics International},
  volume = {46},
  number = {6},
  pages = {7659--7666},
  publisher = {{Elsevier}},
  isbn = {0272-8842}
}

@article{sousa_guerra18,
  title = {A Presença Fenícia Em {{Lisboa}}: Novos Vestígios Descobertos No Alto Da Colina Do {{Castelo}} de {{São Jorge}}},
  author = {de Sousa, Elisa and Guerra, Sandra},
  date = {2018},
  journaltitle = {SAGVNTVM. Papeles del Laboratorio de Arqueología de Valencia},
  volume = {50},
  pages = {57--88},
  publisher = {{Departament de Prehistòria i Arqueologia de la Universitat de València}},
  isbn = {0210-3729}
}

@article{arruda05,
  title = {O 1. º Milénio Ane No {{Centro}} e No {{Sul}} de {{Portugal}}: Leituras Possíveis No Início de Um Novo Século},
  author = {Arruda, Ana Margarida},
  date = {2005},
  journaltitle = {O Arqueólogo Português},
  volume = {4},
  pages = {9--156},
  publisher = {{Museu Nacional de Arqueologia}},
  isbn = {0870-094X}
}

@article{barros_etal93,
  title = {Fenícios Na Margem {{Sul}} Do {{Tejo}}: Economia e Integração Cultural Do Povoado Do {{Almaraz}}: {{Almada}}},
  author = {de Barros, Luís and Cardoso, João Luis and Sabrosa, Armando},
  date = {1993},
  journaltitle = {Estudos Orientais IV: Os fenícios no território português},
  pages = {143--181},
  publisher = {{Instituto Oriental}}
}

@inproceedings{olaio_etal20,
  title = {Singularidades de Uma Matriz Comum: Arquitectura e Urbanismo Orientalizante Na {{Quinta}} Do {{Almaraz}} ({{Almada}}, {{Portugal}})},
  booktitle = {Un Viaje Entre El {{Oriente}} y El {{Occidente}} Del {{Mediterráneo}}: {{IX Congreso Internacional}} de {{Estudios Fenicios}} y {{Púnicos}}, 22-26 de Octubre de 2018. {{Mérida}} ({{Extremadura}}, {{España}})},
  author = {Olaio, Ana and Henriques, Fernando Robles and António, Telmo},
  date = {2020},
  pages = {1795--1804},
  publisher = {{Instituto de Arqueología de Mérida}},
  isbn = {84-09-11361-9}
}

@article{cardoso04,
  title = {A {{Baixa Estremadura}} Dos Finais Do {{IV}} Milénio {{aC}} Até à Chegada Dos {{Romanos}}: Um Ensaio de {{História Regional}}},
  author = {Cardoso, João Luís},
  date = {2004},
  journaltitle = {Estudos Arqueológicos de Oeiras},
  volume = {12},
  publisher = {{Câmara Municipal de Oeiras}},
  isbn = {0872-6086}
}

@article{vilaca11,
  title = {Ponderais Do {{Bronze Final-Ferro Inicial}} Do {{Ocidente Peninsular}}: Novos Dados e Questões Em Aberto},
  author = {Vilaça, Raquel},
  date = {2011},
  journaltitle = {Barter, Money and Coinage in the Ancient Mediterranean (10th-1st centuries BC), Anejos de AEspA LVIII},
  pages = {139--167},
  publisher = {{CSIC}}
}

@article{melo_etal14,
  title = {Práticas Metalúrgicas Na {{Quinta}} Do {{Almaraz}} ({{Cacilhas}}, {{Portugal}}): Vestígios Orientalizantes},
  author = {Melo, A. and Valério, P. and Barros, L. and Araújo, M. F.},
  date = {2014},
  journaltitle = {Fenícios e Púnicos, por Terra e Mar},
  volume = {2}
}

@inproceedings{olaio20,
  title = {Economia, Produção e Comércio Na {{Quinta}} Do {{Almaraz}} ({{Almada}}, {{Portugal}}) Durante o 1º Milénio Ane–Balanço e Perspectivas de Investigação},
  booktitle = {Un Viaje Entre El {{Oriente}} y El {{Occidente}} Del {{Mediterráneo}}: {{IX Congreso Internacional}} de {{Estudios Fenicios}} y {{Púnicos}}, 22-26 de Octubre de 2018. {{Mérida}} ({{Extremadura}}, {{España}})},
  author = {Olaio, Ana},
  date = {2020},
  pages = {1375--1388},
  publisher = {{Instituto de Arqueología de Mérida}},
  isbn = {84-09-11361-9}
}


@article{barros_soares04,
  title = {Cronologia Absoluta Para a Ocupação Orientalizante Da {{Quinta}} Do {{Almaraz}}, No Estuário Do {{Tejo}} ({{Almada}}, {{Portugal}})},
  author = {Barros, Luis and Soares, António},
  date = {2004},
  journaltitle = {O Arqueólogo Português},
  shortjournal = {O Arqueólogo Português},
  pages = {333--352},
  file = {C\:\\Users\\rosha\\Zotero\\storage\\ITWZ5UZI\\Barros_Soares_2004_Cronologia absoluta para a ocupação orientalizante da Quinta do Almaraz, no.pdf}
}

@book{sousa14,
  title = {A Ocupação Pré-Romana Da Foz Do {{Estuário}} Do {{Tejo}}},
  author = {de Sousa, Elisa},
  date = {2014},
  publisher = {{Centro de Arqueologia da Universidade de Lisboa (UNIARQ)}},
  isbn = {989-99146-0-6}
}


@article{olaio18,
  title = {O Povoado Da {{Quinta}} Do {{Almaraz}} ({{Almada}}, {{Portugal}}) No Âmbito Da Ocupação No {{Baixo Tejo}} Durante o 1º Milénio Ane: Os Dados Do Conjunto Anfórico},
  author = {Olaio, Ana},
  date = {2018},
  journaltitle = {SPAL-Revista de Prehistoria y Arqueología},
  number = {27.2},
  pages = {125--163},
  isbn = {2255-3924}
}



@article{richards_hedges99,
  title = {Stable {{Isotope Evidence}} for {{Similarities}} in the {{Types}} of {{Marine Foods Used}} by {{Late Mesolithic Humans}} at {{Sites Along}} the {{Atlantic Coast}} of {{Europe}}},
  author = {Richards, M. P. and Hedges, R. E. M.},
  date = {1999},
  journaltitle = {Journal of Archaeological Science},
  volume = {26},
  number = {6},
  pages = {717--722},
  issn = {0305-4403},
  doi = {10.1006/jasc.1998.0387}
}



@article{longin71,
  title = {New {{Method}} of {{Collagen Extraction}} for {{Radiocarbon Dating}}},
  author = {Longin, R.},
  date = {1971},
  journaltitle = {Nature},
  volume = {230},
  number = {5291},
  pages = {241--242},
  issn = {0028-0836, 1476-4687},
  doi = {10.1038/230241a0}
}


@article{strohalm_etal10,
  title = {{{mMass}} 3: {{A Cross-Platform Software Environment}} for {{Precise Analysis}} of {{Mass Spectrometric Data}}},
  shorttitle = {{{mMass}} 3},
  author = {Strohalm, Martin and Kavan, Daniel and Novák, Petr and Volný, Michael and Havlíček, Vladimír},
  date = {2010},
  journaltitle = {Analytical Chemistry},
  shortjournal = {Anal. Chem.},
  volume = {82},
  number = {11},
  pages = {4648--4651},
  publisher = {{American Chemical Society}},
  issn = {0003-2700},
  doi = {10.1021/ac100818g}
}



@book{campanella08,
  title = {Il Cibo Nel Mondo Fenicio e Punico d'{{Occidente}}: Un'indagine Sulle Abitudini Alimentarie Attraverso l'analisi Di Un Deposito Urbano Di" {{Sulky}}" in {{Sardegna}}},
  author = {Campanella, Lorenza},
  date = {2008},
  publisher = {{F. Serra}},
  isbn = {88-6227-076-3}
}



@book{eres04,
  title = {La Ganadería y La Caza Desde El {{Bronce Final}} Hasta El {{Ibérico Final}} En El Territorio Valenciano},
  author = {Iborra, María Pilar},
  date = {2004},
  publisher = {{Servicio de investigación prehistórica}},
  isbn = {84-7795-377-5}
}



@article{perez-jorda_etal21,
  title = {Fruits Arriving to the West. {{Introduction}} of Cultivated Fruits in the {{Iberian Peninsula}}},
  author = {Pérez-Jordà, Guillem and Peña-Chocarro, Leonor and Pardo-Gordó, Salvador},
  date = {2021-02},
  journaltitle = {Journal of Archaeological Science: Reports},
  volume = {35},
  pages = {102683},
  issn = {2352-409X},
  doi = {10.1016/j.jasrep.2020.102683}
}



@inproceedings{amouretti92,
  title = {Oléiculture et Viticulture Dans La {{Grèce}} Antique},
  booktitle = {Agriculture in Ancient {{Greece}}. {{Proceedings}} of the 7th {{International Symposium}} at the {{Swedish Institute}} at {{Athens}} (16–17 {{May}} 1990). {{Stockholm}}},
  author = {Amouretti, Marie-Claire},
  date = {1992},
  pages = {77--86}
}




@article{ambrose_deniro86,
  title = {The Isotopic Ecology of {{East African}} Mammals},
  author = {Ambrose, Stanley H. and DeNiro, Michael J.},
  date = {1986},
  journaltitle = {Oecologia},
  volume = {69},
  number = {3},
  pages = {395--406},
  publisher = {{Springer}},
  isbn = {1432-1939}
}




@article{jenkins_etal01,
  title = {Nitrogen and Carbon Isotope Fractionation between Mothers, Neonates, and Nursing Offspring},
  author = {Jenkins, Stacy and Partridge, Steven T. and Stephenson, Thomas R. and Farley, Sean D. and Robbins, Charles T.},
  date = {2001},
  journaltitle = {Oecologia},
  volume = {129},
  number = {3},
  pages = {336--341},
  publisher = {{Springer}},
  isbn = {1432-1939}
}




@article{shoulders_raines09,
  title = {Collagen {{Structure}} and {{Stability}}},
  author = {Shoulders, Matthew D. and Raines, Ronald T.},
  date = {2009},
  journaltitle = {Annual Review of Biochemistry},
  volume = {78},
  number = {1},
  eprint = {19344236},
  eprinttype = {pmid},
  pages = {929--958},
  doi = {10.1146/annurev.biochem.77.032207.120833}
}




@article{tuross02,
  title = {Alterations in Fossil Collagen},
  author = {Tuross, Noreen},
  date = {2002},
  journaltitle = {Archaeometry},
  volume = {44},
  number = {3},
  pages = {427--434},
  publisher = {{Wiley Online Library}},
  isbn = {0003-813X}
}



@article{child95,
  title = {Towards and Understanding of the Microbial Decomposition of Archaeological Bone in the Burial Environment},
  author = {Child, A. M.},
  date = {1995},
  journaltitle = {Journal of Archaeological Science},
  volume = {22},
  number = {2},
  pages = {165--174},
  publisher = {{Elsevier}},
  isbn = {0305-4403}
}



@article{nielsen-marsh_hedges00,
  title = {Patterns of Diagenesis in Bone {{I}}: The Effects of Site Environments},
  author = {Nielsen-Marsh, Christina M. and Hedges, Robert EM},
  date = {2000},
  journaltitle = {Journal of Archaeological Science},
  volume = {27},
  number = {12},
  pages = {1139--1150},
  publisher = {{Elsevier}},
  isbn = {0305-4403}
}



@article{deniro85,
  title = {Postmortem Preservation and Alteration of in Vivo Bone Collagen Isotope Ratios in Relation to Palaeodietary Reconstruction},
  author = {DeNiro, Michael J.},
  date = {1985-10},
  journaltitle = {Nature},
  volume = {317},
  number = {6040},
  pages = {806--809},
  publisher = {{Nature Publishing Group}},
  issn = {1476-4687},
  doi = {10.1038/317806a0}
}




@inproceedings{maia00,
  title = {Tavira Fenícia. o Território Para {{Ocidente}} Do {{Guadiana}}, Nos Inícios Do {{I}} Milénio a. {{C}}.},
  booktitle = {Fenicios y Territorio: Actas Del {{II Seminario Internacional}} Sobre {{Temas Fenicios}}, {{Guardamar}} Del {{Segura}}, 9-11 de Abril de 1999},
  author = {Maia, María Pereira},
  date = {2000},
  pages = {121--150},
  publisher = {{Instituto Alicantino de Cultura Juan Gil-Albert}},
  isbn = {84-7784-861-0}
}




@article{arruda_etal08,
  title = {A Necrópole Da {{Idade}} Do {{Ferro}} Do {{Convento}} Da {{Graça}}, {{Tavira}}},
  author = {Arruda, Ana Margarida and Covaneiro, Jaquelina and Cavaco, Sandra},
  date = {2008},
  journaltitle = {XELB 8: Actas do 5º Encontro de Arqueologia do Algarve (Silves, 25 a 27 de Outubro de 2007). Volume I. Comunicações e Conferências},
  volume = {8},
  pages = {141--160},
  publisher = {{Câmara Municipal de Silves}},
  isbn = {9728505213}
}




@article{maia03,
  title = {Fenícios Em {{Tavira}}},
  author = {Maia, Maria},
  date = {2003},
  journaltitle = {Tavira. Território e Poder, Lisbon},
  pages = {52--72}
}




@article{arruda07,
  title = {A {{Idade}} Do {{Ferro}} No {{Algarve}}: Velhos Dados (e Outros Mais Recentes) e Novas Histórias},
  author = {Arruda, Ana Margarida},
  date = {2007},
  journaltitle = {XELB 7: Actas do 4° Encontro de Arqueologia do Algarve-Percursos de Estácio da Veiga (Silves, 24 e 25 de Novembro de 2006)},
  volume = {7},
  pages = {115--130},
  publisher = {{Câmara Municipal de Silves}}
}



@article{maia04,
  title = {Tavira Turdetana, Porto Do “{{Círculo}} Do {{Estreito}}” Nos Finais Do Séc},
  author = {Maia, Maria},
  date = {2004}
}



@article{covaneiro_cavaco12,
  title = {Materiais Cerâmicos Pré-Romanos Provenientes Do Sítio Da {{Bela Fria}} ({{Tavira}})},
  author = {Covaneiro, Jaquelina and Cavaco, Sandra},
  date = {2012},
  journaltitle = {Promontoria, Revista do Departamento de História, Arqueologia e Património da Universidade do Algarve},
  number = {10},
  pages = {195--216},
  publisher = {{Universidade do Algarve, FCHS}},
  isbn = {1645-8052}
}




@article{covaneiro_cavaco17,
  title = {Evolução Do Espaço Urbano Da Cidade de {{Tavira}}: {{Resultados Preliminares}}},
  author = {Covaneiro, Jaquelina and Cavaco, Sandra},
  date = {2017}
}


@book{rcoreteam20,
  title = {R: {{A Language}} and {{Environment}} for {{Statistical Computing}}},
  author = {{R Core Team}},
  date = {2020},
  publisher = {{R Foundation for Statistical Computing}},
  location = {{Vienna, Austria}}
}




@article{ferreira_delibes-mateos10,
  title = {Wild Rabbit Management in the {{Iberian Peninsula}}: State of the Art and Future Perspectives for {{Iberian}} Lynx Conservation},
  author = {Ferreira, Catarina Manuel Andrade de Campos and Delibes-Mateos, Miguel},
  date = {2010},
  journaltitle = {Wildlife Biology in Practice},
  shortjournal = {Wildlife Biology in Practice},
  volume = {6},
  number = {3},
  pages = {48--66},
  publisher = {{Portuguese Wildlife Society}},
  issn = {1646-2742}
}



@article{librado_etal21,
  title = {The Origins and Spread of Domestic Horses from the {{Western Eurasian}} Steppes},
  author = {Librado, Pablo and Khan, Naveed and Fages, Antoine and Kusliy, Mariya A. and Suchan, Tomasz and Tonasso-Calvière, Laure and Schiavinato, Stéphanie and Alioglu, Duha and Fromentier, Aurore and Perdereau, Aude and Aury, Jean-Marc and Gaunitz, Charleen and Chauvey, Lorelei and Seguin-Orlando, Andaine and Der Sarkissian, Clio and Southon, John and Shapiro, Beth and Tishkin, Alexey A. and Kovalev, Alexey A. and Alquraishi, Saleh and Alfarhan, Ahmed H. and Al-Rasheid, Khaled A. S. and Seregély, Timo and Klassen, Lutz and Iversen, Rune and Bignon-Lau, Olivier and Bodu, Pierre and Olive, Monique and Castel, Jean-Christophe and Boudadi-Maligne, Myriam and Alvarez, Nadir and Germonpré, Mietje and Moskal-del Hoyo, Magdalena and Wilczyński, Jarosław and Pospuła, Sylwia and Lasota-Kuś, Anna and Tunia, Krzysztof and Nowak, Marek and Rannamäe, Eve and Saarma, Urmas and Boeskorov, Gennady and Lōugas, Lembi and Kyselý, René and Peške, Lubomír and Bălășescu, Adrian and Dumitrașcu, Valentin and Dobrescu, Roxana and Gerber, Daniel and Kiss, Viktória and Szécsényi-Nagy, Anna and Mende, Balázs G. and Gallina, Zsolt and Somogyi, Krisztina and Kulcsár, Gabriella and Gál, Erika and Bendrey, Robin and Allentoft, Morten E. and Sirbu, Ghenadie and Dergachev, Valentin and Shephard, Henry and Tomadini, Noémie and Grouard, Sandrine and Kasparov, Aleksei and Basilyan, Alexander E. and Anisimov, Mikhail A. and Nikolskiy, Pavel A. and Pavlova, Elena Y. and Pitulko, Vladimir and Brem, Gottfried and Wallner, Barbara and Schwall, Christoph and Keller, Marcel and Kitagawa, Keiko and Bessudnov, Alexander N. and Bessudnov, Alexander and Taylor, William and Magail, Jérome and Gantulga, Jamiyan-Ombo and Bayarsaikhan, Jamsranjav and Erdenebaatar, Diimaajav and Tabaldiev, Kubatbeek and Mijiddorj, Enkhbayar and Boldgiv, Bazartseren and Tsagaan, Turbat and Pruvost, Mélanie and Olsen, Sandra and Makarewicz, Cheryl A. and Valenzuela Lamas, Silvia and Albizuri Canadell, Silvia and Nieto Espinet, Ariadna and Iborra, Ma Pilar and Lira Garrido, Jaime and Rodríguez González, Esther and Celestino, Sebastián and Olària, Carmen and Arsuaga, Juan Luis and Kotova, Nadiia and Pryor, Alexander and Crabtree, Pam and Zhumatayev, Rinat and Toleubaev, Abdesh and Morgunova, Nina L. and Kuznetsova, Tatiana and Lordkipanize, David and Marzullo, Matilde and Prato, Ornella and Bagnasco Gianni, Giovanna and Tecchiati, Umberto and Clavel, Benoit and Lepetz, Sébastien and Davoudi, Hossein and Mashkour, Marjan and Berezina, Natalia Ya and Stockhammer, Philipp W. and Krause, Johannes and Haak, Wolfgang and Morales-Muñiz, Arturo and Benecke, Norbert and Hofreiter, Michael and Ludwig, Arne and Graphodatsky, Alexander S. and Peters, Joris and Kiryushin, Kirill Yu and Iderkhangai, Tumur-Ochir and Bokovenko, Nikolay A. and Vasiliev, Sergey K. and Seregin, Nikolai N. and Chugunov, Konstantin V. and Plasteeva, Natalya A. and Baryshnikov, Gennady F. and Petrova, Ekaterina and Sablin, Mikhail and Ananyevskaya, Elina and Logvin, Andrey and Shevnina, Irina and Logvin, Victor and Kalieva, Saule and Loman, Valeriy and Kukushkin, Igor and Merz, Ilya and Merz, Victor and Sakenov, Sergazy and Varfolomeyev, Victor and Usmanova, Emma and Zaibert, Viktor and Arbuckle, Benjamin and Belinskiy, Andrey B. and Kalmykov, Alexej and Reinhold, Sabine and Hansen, Svend and Yudin, Aleksandr I. and Vybornov, Alekandr A. and Epimakhov, Andrey and Berezina, Natalia S. and Roslyakova, Natalia and Kosintsev, Pavel A. and Kuznetsov, Pavel F. and Anthony, David and Kroonen, Guus J. and Kristiansen, Kristian and Wincker, Patrick and Outram, Alan and Orlando, Ludovic},
  date = {2021-10},
  journaltitle = {Nature},
  volume = {598},
  number = {7882},
  pages = {634--640},
  publisher = {{Nature Publishing Group}},
  issn = {1476-4687},
  doi = {10.1038/s41586-021-04018-9}
}


@article{warmuth_etal12,
  title = {Reconstructing the Origin and Spread of Horse Domestication in the {{Eurasian}} Steppe},
  author = {Warmuth, Vera and Eriksson, Anders and Bower, Mim Ann and Barker, Graeme and Barrett, Elizabeth and Hanks, Bryan Kent and Li, Shuicheng and Lomitashvili, David and Ochir-Goryaeva, Maria and Sizonov, Grigory V. and Soyonov, Vasiliy and Manica, Andrea},
  date = {2012-05-22},
  journaltitle = {Proceedings of the National Academy of Sciences},
  volume = {109},
  number = {21},
  pages = {8202--8206},
  publisher = {{Proceedings of the National Academy of Sciences}},
  doi = {10.1073/pnas.1111122109}
}



@article{beja-pereira_etal04,
  title = {African {{Origins}} of the {{Domestic Donkey}}},
  author = {Beja-Pereira, Albano and England, Phillip R. and Ferrand, Nuno and Jordan, Steve and Bakhiet, Amel O. and Abdalla, Mohammed A. and Mashkour, Marjan and Jordana, Jordi and Taberlet, Pierre and Luikart, Gordon},
  date = {2004-06-18},
  journaltitle = {Science},
  volume = {304},
  number = {5678},
  pages = {1781--1781},
  publisher = {{American Association for the Advancement of Science}},
  doi = {10.1126/science.1096008}
}


@article{rossel_etal08,
  title = {Domestication of the Donkey: {{Timing}}, Processes, and Indicators},
  shorttitle = {Domestication of the Donkey},
  author = {Rossel, Stine and Marshall, Fiona and Peters, Joris and Pilgram, Tom and Adams, Matthew D. and O'Connor, David},
  date = {2008-03-11},
  journaltitle = {Proceedings of the National Academy of Sciences},
  volume = {105},
  number = {10},
  pages = {3715--3720},
  publisher = {{Proceedings of the National Academy of Sciences}},
  doi = {10.1073/pnas.0709692105},
  url = {https://www.pnas.org/doi/abs/10.1073/pnas.0709692105},
  urldate = {2022-03-14},
  file = {C\:\\Users\\rosha\\Zotero\\storage\\86BRNVBC\\Rossel et al_2008_Domestication of the donkey.pdf}
}



@article{orlando_etal13,
  title = {Recalibrating {{Equus}} Evolution Using the Genome Sequence of an Early {{Middle Pleistocene}} Horse},
  author = {Orlando, Ludovic and Ginolhac, Aurélien and Zhang, Guojie and Froese, Duane and Albrechtsen, Anders and Stiller, Mathias and Schubert, Mikkel and Cappellini, Enrico and Petersen, Bent and Moltke, Ida and Johnson, Philip L. F. and Fumagalli, Matteo and Vilstrup, Julia T. and Raghavan, Maanasa and Korneliussen, Thorfinn and Malaspinas, Anna-Sapfo and Vogt, Josef and Szklarczyk, Damian and Kelstrup, Christian D. and Vinther, Jakob and Dolocan, Andrei and Stenderup, Jesper and Velazquez, Amhed M. V. and Cahill, James and Rasmussen, Morten and Wang, Xiaoli and Min, Jiumeng and Zazula, Grant D. and Seguin-Orlando, Andaine and Mortensen, Cecilie and Magnussen, Kim and Thompson, John F. and Weinstock, Jacobo and Gregersen, Kristian and Røed, Knut H. and Eisenmann, Véra and Rubin, Carl J. and Miller, Donald C. and Antczak, Douglas F. and Bertelsen, Mads F. and Brunak, Søren and Al-Rasheid, Khaled A. S. and Ryder, Oliver and Andersson, Leif and Mundy, John and Krogh, Anders and Gilbert, M. Thomas P. and Kjær, Kurt and Sicheritz-Ponten, Thomas and Jensen, Lars Juhl and Olsen, Jesper V. and Hofreiter, Michael and Nielsen, Rasmus and Shapiro, Beth and Wang, Jun and Willerslev, Eske},
  date = {2013-07},
  journaltitle = {Nature},
  volume = {499},
  number = {7456},
  pages = {74--78},
  publisher = {{Nature Publishing Group}},
  issn = {1476-4687},
  doi = {10.1038/nature12323}
}



@book{clutton-brock92,
  title = {Horse Power: A History of the Horse and the Donkey in Human Societies},
  author = {Clutton-Brock, Juliet},
  date = {1992},
  publisher = {{Harvard University Press}},
  isbn = {0-674-40646-X}
}


@article{hanot_bochaton18,
  title = {New Osteological Criteria for the Identification of Domestic Horses, Donkeys and Their Hybrids in Archaeological Contexts},
  author = {Hanot, Pauline and Bochaton, Corentin},
  date = {2018-06-01},
  journaltitle = {Journal of Archaeological Science},
  shortjournal = {Journal of Archaeological Science},
  volume = {94},
  pages = {12--20},
  issn = {0305-4403},
  doi = {10.1016/j.jas.2018.03.012}
}




@article{baxter98,
  title = {Species Identification of Equids from {{Western European}} Archaeological Deposits: Methodologies, Techniques and Problems.},
  author = {Baxter, Ian L},
  date = {1998},
  journaltitle = {Current and Recent Research in Osteoarchaeology. Oxbow, Oxford},
  pages = {16}
}


@article{kimura_etal13,
  title = {Donkey {{Domestication}}},
  author = {Kimura, Birgitta and Marshall, Fiona and Beja-Pereira, Albano and Mulligan, Connie},
  date = {2013-03-01},
  journaltitle = {African Archaeological Review},
  shortjournal = {Afr Archaeol Rev},
  volume = {30},
  number = {1},
  pages = {83--95},
  issn = {1572-9842},
  doi = {10.1007/s10437-012-9126-8}
}


@book{armitage_chapman79,
  title = {Roman Mules},
  author = {Armitage, Philip L and Chapman, Hugh},
  date = {1979},
  publisher = {{London Archaeologist Association}}
}



@article{davis80,
  title = {Late {{Pleistocene}} and {{Holocene}} Equid Remains from {{Israel}}},
  author = {Davis, Simon J},
  date = {1980},
  journaltitle = {Zoological Journal of the Linnean Society},
  shortjournal = {Zoological Journal of the Linnean Society},
  volume = {70},
  number = {3},
  pages = {289--312},
  publisher = {{Oxford University Press}},
  issn = {1096-3642}
}



@book{eisenmann80,
  title = {Les Chevaux ({{Equus}} Sensu Lato) Fossiles et Actuels: Crânes et Dents Jugales Supérieures},
  author = {Eisenmann, Véra},
  date = {1980},
  publisher = {{Éditions du Centre national de la recherche scientifique}},
  isbn = {2-222-02622-9}
}



@article{eisenmann81,
  title = {Etude Des Dents Jugales Inférieures Des {{Equus}} ({{Mammalia}}, {{Perissodactyla}}) Actuels et Fossiles},
  author = {Eisenmann, Véra},
  date = {1981},
  journaltitle = {Palaeovertebrata: revue trimestrielle de paléontologie des vertébrés},
  shortjournal = {Palaeovertebrata: revue trimestrielle de paléontologie des vertébrés},
  volume = {10},
  number = {3},
  pages = {130}
}



@article{eisenmann86,
  title = {Comparative Osteology of Modern and Fossil Horses, Half-Asses, and Asses},
  author = {Eisenmann, Véra},
  date = {1986},
  journaltitle = {Equids in the ancient world},
  shortjournal = {Equids in the ancient world},
  volume = {1},
  pages = {67--116},
  publisher = {{Ludwig Reichert Verlag Wiesbaden}}
}



@article{uerpmann02,
  title = {Dental {{Morphology}} of {{Horses}}, {{Donkeys}} and {{Mules}}},
  author = {Uerpmann, HP},
  date = {2002},
  journaltitle = {Horse. Donkey and Co, Basel, Switzerland},
  shortjournal = {Horse. Donkey and Co, Basel, Switzerland}
}



@article{albizuri_nadal91,
  title = {Estudi de l’èquid Aparegut En Relació Amb l'estructura {{E10}} de l'{{Hort}} d'en {{Grimau}}},
  author = {Albizuri, Silvia and Nadal, Jordi},
  date = {1991-01-01},
  journaltitle = {Olerdulae},
  shortjournal = {Olerdulae},
  volume = {3},
  pages = {112--117}
}



@article{azzaroli78,
  title = {On a {{Late Pleistocene Ass}} from {{Tuscany}}| with {{Notes}} on the {{History}} of {{Asses}}},
  author = {Azzaroli, A},
  date = {1978},
  journaltitle = {Palaeontographia Italica Pisa},
  shortjournal = {Palaeontographia Italica Pisa},
  volume = {71},
  pages = {27--47}
}



@article{groves_mazak67,
  title = {On Some Taxonomic Problems of {{Asiatic}} Wild Asses; with the Description of a New Subspecies ({{Perissodactyla}}; {{Equidae}})},
  author = {Groves, ColIN P and Mazák, Vratislav},
  date = {1967},
  journaltitle = {Zeitschrift für Säugetierkunde},
  shortjournal = {Zeitschrift für Säugetierkunde},
  volume = {32},
  number = {6},
  pages = {321--355}
}



@article{kunst00,
  title = {Archaeozoological Evidence for Equid Use, Sex Structure and Mortality in a {{Roman}} Auxiliary Fort ({{Carnuntum-Petronell}}, Lower {{Austria}})},
  author = {Kunst, Günther Karl},
  date = {2000},
  journaltitle = {Anthropozoologica},
  shortjournal = {Anthropozoologica},
  volume = {31},
  pages = {109--118}
}



@book{arloing82,
  title = {Caractères Ostéologiques Différentiels de l'âne, Du Cheval et de Leurs Hybrides},
  author = {Arloing, J},
  date = {1882}
}



@article{eisenmann_beckouche86,
  title = {Identification and Discrimination of Metapodials from {{Pleistocene}} and Modern {{Equus}}, Wild and Domestic},
  author = {Eisenmann, Véra and Beckouche, Sophie},
  date = {1986},
  journaltitle = {Beihefte zum Tübinger Atlas des Vorderen Orients. Reihe A, Naturwissenschaften},
  shortjournal = {Beihefte zum Tübinger Atlas des Vorderen Orients. Reihe A, Naturwissenschaften},
  volume = {19},
  number = {1},
  pages = {117}
}



@article{peters98,
  title = {Römische Tierhaltung Und Tierzucht. {{Passauer Universitätsschriften}} Zur {{Archäologie}} 5},
  author = {Peters, Joris},
  date = {1998},
  journaltitle = {Rahden/Westfalen: Marie Leidorf},
  shortjournal = {Rahden/Westfalen: Marie Leidorf}
}




@article{forest08,
  title = {Equidés de La Tène finale et de la période romaine en Gaule: approche ostéométrique},
  shorttitle = {Equidés de La Tène finale et de la période romaine en Gaule},
  author = {Forest, V.},
  date = {2008},
  journaltitle = {L'exploitation agricole dans son environnement à la fin de l’Âge du Fer: Nouvelles approches méthodologiques. Presented at the Rencontre de Saint-Julien: 18-19 novembre 2004},
  pages = {61--71}
}



@article{hanot_etal17,
  title = {Morphological Integration in the Appendicular Skeleton of Two Domestic Taxa: The Horse and Donkey},
  shorttitle = {Morphological Integration in the Appendicular Skeleton of Two Domestic Taxa},
  author = {Hanot, Pauline and Herrel, Anthony and Guintard, Claude and Cornette, Raphaël},
  date = {2017-10-11},
  journaltitle = {Proceedings of the Royal Society B: Biological Sciences},
  shortjournal = {Proceedings of the Royal Society B: Biological Sciences},
  volume = {284},
  number = {1864},
  pages = {20171241},
  publisher = {{Royal Society}},
  doi = {10.1098/rspb.2017.1241}
}



@article{cucchi_etal,
  title = {Detecting Taxonomic and Phylogenetic Signals in Equid Cheek Teeth: Towards New Palaeontological and Archaeological Proxies},
  shorttitle = {Detecting Taxonomic and Phylogenetic Signals in Equid Cheek Teeth},
  author = {Cucchi, T. and Mohaseb, A. and Peigné, S. and Debue, K. and Orlando, L. and Mashkour, M.},
  journaltitle = {Royal Society Open Science},
  volume = {4},
  number = {4},
  pages = {160997},
  publisher = {{Royal Society}},
  doi = {10.1098/rsos.160997}
}



@article{jonsson_etal14,
  title = {Speciation with Gene Flow in Equids despite Extensive Chromosomal Plasticity},
  author = {Jónsson, Hákon and Schubert, Mikkel and Seguin-Orlando, Andaine and Ginolhac, Aurélien and Petersen, Lillian and Fumagalli, Matteo and Albrechtsen, Anders and Petersen, Bent and Korneliussen, Thorfinn S. and Vilstrup, Julia T. and Lear, Teri and Myka, Jennifer Leigh and Lundquist, Judith and Miller, Donald C. and Alfarhan, Ahmed H. and Alquraishi, Saleh A. and Al-Rasheid, Khaled A. S. and Stagegaard, Julia and Strauss, Günter and Bertelsen, Mads Frost and Sicheritz-Ponten, Thomas and Antczak, Douglas F. and Bailey, Ernest and Nielsen, Rasmus and Willerslev, Eske and Orlando, Ludovic},
  date = {2014-12-30},
  journaltitle = {Proceedings of the National Academy of Sciences},
  volume = {111},
  number = {52},
  pages = {18655--18660},
  publisher = {{Proceedings of the National Academy of Sciences}},
  doi = {10.1073/pnas.1412627111}
}



@article{vilstrup_etal13,
  title = {Mitochondrial {{Phylogenomics}} of {{Modern}} and {{Ancient Equids}}},
  author = {Vilstrup, Julia T. and Seguin-Orlando, Andaine and Stiller, Mathias and Ginolhac, Aurelien and Raghavan, Maanasa and Nielsen, Sandra C. A. and Weinstock, Jacobo and Froese, Duane and Vasiliev, Sergei K. and Ovodov, Nikolai D. and Clary, Joel and Helgen, Kristofer M. and Fleischer, Robert C. and Cooper, Alan and Shapiro, Beth and Orlando, Ludovic},
  date = {2013-02-20},
  journaltitle = {PLOS ONE},
  shortjournal = {PLOS ONE},
  volume = {8},
  number = {2},
  pages = {e55950},
  publisher = {{Public Library of Science}},
  issn = {1932-6203},
  doi = {10.1371/journal.pone.0055950}
}



@article{weinstock_etal05,
  title = {Evolution, {{Systematics}}, and {{Phylogeography}} of {{Pleistocene Horses}} in the {{New World}}: {{A Molecular Perspective}}},
  shorttitle = {Evolution, {{Systematics}}, and {{Phylogeography}} of {{Pleistocene Horses}} in the {{New World}}},
  author = {Weinstock, Jaco and Willerslev, Eske and Sher, Andrei and Tong, Wenfei and Ho, Simon Y. W. and Rubenstein, Dan and Storer, John and Burns, James and Martin, Larry and Bravi, Claudio and Prieto, Alfredo and Froese, Duane and Scott, Eric and Xulong, Lai and Cooper, Alan},
  date = {2005-06-28},
  journaltitle = {PLOS Biology},
  shortjournal = {PLOS Biology},
  volume = {3},
  number = {8},
  pages = {e241},
  publisher = {{Public Library of Science}},
  issn = {1545-7885},
  doi = {10.1371/journal.pbio.0030241}
}

@article{buckley_etal09,
  title = {Species Identification by Analysis of Bone Collagen Using Matrix-Assisted Laser Desorption/Ionisation Time-of-Flight Mass Spectrometry},
  author = {Buckley, Michael and Collins, Matthew and Thomas‐Oates, Jane and Wilson, Julie C.},
  date = {2009},
  journaltitle = {Rapid Communications in Mass Spectrometry},
  volume = {23},
  number = {23},
  pages = {3843--3854},
  issn = {1097-0231},
  doi = {10.1002/rcm.4316}
}



@article{welker_etal15,
  title = {Using {{ZooMS}} to Identify Fragmentary Bone from the {{Late Middle}}/{{Early Upper Palaeolithic}} Sequence of {{Les Cottés}}, {{France}}},
  author = {Welker, Frido and Soressi, Marie and Rendu, William and Hublin, Jean-Jacques and Collins, Matthew},
  date = {2015-02-01},
  journaltitle = {Journal of Archaeological Science},
  shortjournal = {Journal of Archaeological Science},
  volume = {54},
  pages = {279--286},
  issn = {0305-4403},
  doi = {10.1016/j.jas.2014.12.010}
}



@article{vandersluis_etal14,
  title = {Combining Histology, Stable Isotope Analysis and {{ZooMS}} Collagen Fingerprinting to Investigate the Taphonomic History and Dietary Behaviour of Extinct Giant Tortoises from the {{Mare}} Aux {{Songes}} Deposit on {{Mauritius}}},
  author = {van der Sluis, L. G. and Hollund, H. I. and Buckley, M. and De Louw, P. G. B. and Rijsdijk, K. F. and Kars, H.},
  options = {useprefix=true},
  date = {2014-12},
  journaltitle = {Palaeogeography, Palaeoclimatology, Palaeoecology},
  series = {Bone and Enamel Diagenesis: {{From}} the Crystal to the Environment - {{A}} Tribute to {{Jean-François Saliège}}},
  volume = {416},
  pages = {80--91},
  issn = {0031-0182},
  doi = {10.1016/j.palaeo.2014.06.003}
}



@article{welkerfrido_etal16,
  title = {Palaeoproteomic Evidence Identifies Archaic Hominins Associated with the {{Châtelperronian}} at the {{Grotte}} Du {{Renne}}},
  author = {Welker, Frido and Hajdinjak, Mateja and Talamo, Sahra and Jaouen, Klervia and Dannemann, Michael and David, Francine and Julien, Michèle and Meyer, Matthias and Kelso, Janet and Barnes, Ian and Brace, Selina and Kamminga, Pepijn and Fischer, Roman and Kessler, Benedikt and Stewart, John and Pääbo, Svante and Collins, Matthew and Hublin, Jean-Jacques},
  date = {2016},
  journaltitle = {Proceedings of the National Academy of Sciences},
  shortjournal = {Proceedings of the National Academy of Sciences},
  volume = {113},
  number = {40},
  pages = {11162--11167},
  publisher = {{Proceedings of the National Academy of Sciences}},
  doi = {10.1073/pnas.1605834113}
}



@article{brown_etal21,
  title = {On the Standardization of {{ZooMS}} Nomenclature},
  author = {Brown, Samantha and Douka, Katerina and Collins, Matthew J and Richter, Kristine Korzow},
  date = {2021-03-20},
  journaltitle = {Journal of Proteomics},
  shortjournal = {Journal of Proteomics},
  volume = {235},
  pages = {104041},
  issn = {1874-3919},
  doi = {10.1016/j.jprot.2020.104041}
}



@article{buckley_collins11,
  title = {Collagen Survival and Its Use for Species Identification in {{Holocene-lower Pleistocene}} Bone Fragments from {{British}} Archaeological and Paleontological Sites},
  author = {Buckley, Mike and Collins, Matthew James},
  date = {2011-09-20},
  journaltitle = {Antiqua},
  volume = {1},
  number = {1},
  pages = {e1-e1},
  issn = {2038-9604},
  doi = {10.4081/antiqua.2011.e1}
}



@article{p_kirby_etal13,
  title = {Identification of Collagen-Based Materials in Cultural Heritage},
  author = {Kirby, Daniel and Buckley, Michael and Promise, Ellen and A.~Trauger, Sunia and Rose~Holdcraft, T.},
  date = {2013},
  journaltitle = {Analyst},
  volume = {138},
  number = {17},
  pages = {4849--4858},
  publisher = {{Royal Society of Chemistry}},
  doi = {10.1039/C3AN00925D}
}



@article{buckley_etal17,
  title = {Species Identification and Decay Assessment of {{Late Pleistocene}} Fragmentary Vertebrate Remains from {{Pin Hole Cave}} ({{Creswell Crags}}, {{UK}}) Using Collagen Fingerprinting},
  author = {Buckley, Michael and Harvey, Virginia L. and Chamberlain, Andrew T.},
  date = {2017},
  journaltitle = {Boreas},
  volume = {46},
  number = {3},
  pages = {402--411},
  issn = {1502-3885},
  doi = {10.1111/bor.12225}
}




@article{fages_etal19,
  title = {Tracking {{Five Millennia}} of {{Horse Management}} with {{Extensive Ancient Genome Time Series}}},
  author = {Fages, Antoine and Hanghøj, Kristian and Khan, Naveed and Gaunitz, Charleen and Seguin-Orlando, Andaine and Leonardi, Michela and McCrory Constantz, Christian and Gamba, Cristina and Al-Rasheid, Khaled A. S. and Albizuri, Silvia and Alfarhan, Ahmed H. and Allentoft, Morten and Alquraishi, Saleh and Anthony, David and Baimukhanov, Nurbol and Barrett, James H. and Bayarsaikhan, Jamsranjav and Benecke, Norbert and Bernáldez-Sánchez, Eloísa and Berrocal-Rangel, Luis and Biglari, Fereidoun and Boessenkool, Sanne and Boldgiv, Bazartseren and Brem, Gottfried and Brown, Dorcas and Burger, Joachim and Crubézy, Eric and Daugnora, Linas and Davoudi, Hossein and de Barros Damgaard, Peter and de los Ángeles de Chorro y de Villa-Ceballos, María and Deschler-Erb, Sabine and Detry, Cleia and Dill, Nadine and do Mar Oom, Maria and Dohr, Anna and Ellingvåg, Sturla and Erdenebaatar, Diimaajav and Fathi, Homa and Felkel, Sabine and Fernández-Rodríguez, Carlos and García-Viñas, Esteban and Germonpré, Mietje and Granado, José D. and Hallsson, Jón H. and Hemmer, Helmut and Hofreiter, Michael and Kasparov, Aleksei and Khasanov, Mutalib and Khazaeli, Roya and Kosintsev, Pavel and Kristiansen, Kristian and Kubatbek, Tabaldiev and Kuderna, Lukas and Kuznetsov, Pavel and Laleh, Haeedeh and Leonard, Jennifer A. and Lhuillier, Johanna and Liesau von Lettow-Vorbeck, Corina and Logvin, Andrey and Lõugas, Lembi and Ludwig, Arne and Luis, Cristina and Arruda, Ana Margarida and Marques-Bonet, Tomas and Matoso Silva, Raquel and Merz, Victor and Mijiddorj, Enkhbayar and Miller, Bryan K. and Monchalov, Oleg and Mohaseb, Fatemeh A. and Morales, Arturo and Nieto-Espinet, Ariadna and Nistelberger, Heidi and Onar, Vedat and Pálsdóttir, Albína H. and Pitulko, Vladimir and Pitskhelauri, Konstantin and Pruvost, Mélanie and Rajic Sikanjic, Petra and Rapan Papeša, Anita and Roslyakova, Natalia and Sardari, Alireza and Sauer, Eberhard and Schafberg, Renate and Scheu, Amelie and Schibler, Jörg and Schlumbaum, Angela and Serrand, Nathalie and Serres-Armero, Aitor and Shapiro, Beth and Sheikhi Seno, Shiva and Shevnina, Irina and Shidrang, Sonia and Southon, John and Star, Bastiaan and Sykes, Naomi and Taheri, Kamal and Taylor, William and Teegen, Wolf-Rüdiger and Trbojević Vukičević, Tajana and Trixl, Simon and Tumen, Dashzeveg and Undrakhbold, Sainbileg and Usmanova, Emma and Vahdati, Ali and Valenzuela-Lamas, Silvia and Viegas, Catarina and Wallner, Barbara and Weinstock, Jaco and Zaibert, Victor and Clavel, Benoit and Lepetz, Sébastien and Mashkour, Marjan and Helgason, Agnar and Stefánsson, Kári and Barrey, Eric and Willerslev, Eske and Outram, Alan K. and Librado, Pablo and Orlando, Ludovic},
  options = {useprefix=true},
  date = {2019-05-30},
  journaltitle = {Cell},
  shortjournal = {Cell},
  volume = {177},
  number = {6},
  pages = {1419-1435.e31},
  issn = {0092-8674},
  doi = {10.1016/j.cell.2019.03.049}
}




@article{moralesmuniz_etal98,
  title = {A Preliminary Catalogue of {{Holocene}} Equids from the {{Iberian Peninsula}}},
  author = {Morales Muñiz, A. and Albertini, D. and Sancho, F. B. and Cardoso, J. L. and Castaños, P. M. and von Lettow- Vorbeck, Corina Liesau and Montero Ponseti, Sonsoles and Nadal Lorenzo, Jordi and Nicolás Pérez, Elena and Pérez Ripoli, Manuel and Pino Uría, Beatriz and Riquelme Cantal, José Antonio},
  date = {1998},
  journaltitle = {Proceedings of The XIII International Congress of Prehistoric and Protohistoric Sciences},
  volume = {6},
  pages = {65--82},
  publisher = {{A.B. A.C.O.}},
  isbn = {9788886712484}
}



@thesis{detry07,
  title = {Paleoecologia e {{Paleoeconomia}} Do {{Baixo Tejo}} No {{Mesolítico Final}}: {{O}} Contributo Do Estudo Dos Mamíferos Dos Concheiros de {{Muge}}},
  author = {Detry, Cleia},
  date = {2007},
  institution = {{Universidad de Salamanca}}
}




@article{valente08,
  title = {As Últimas Sociedades de Caçadores-Recolectores No {{Centro}} e {{Sul}} de {{Portugal}} (10.000-6.000 Anos {{BP}}: Aproveitamento Dos Recursos Animais},
  author = {Valente, Maria João},
  date = {2008}
}




@inproceedings{rowley-conwy93,
  title = {Mesolithic Animal Bones from {{Forno}} Da {{Telha}}: {{Portugal}}},
  booktitle = {1. {{Congresso}} de {{Arqueologia Peninsular}}:({{Porto}}, 12-18 de {{Outubro}} de 1993). {{Actas}}},
  author = {Rowley-Conwy, Peter},
  date = {1993},
  pages = {45--48},
  publisher = {{Sociedade Portuguesa de Antropologia e Etnologia}}
}



@article{cardoso95,
  title = {Os Ídolos Falange Do Povoado Pré-Histórico de {{Leceia}} ({{Oeiras}}): Estudo Comparado},
  author = {Cardoso, João Luís},
  date = {1995},
  journaltitle = {Estudos Arqueológicos de Oeiras},
  volume = {5},
  isbn = {0872-6086}
}




@article{vondendriesch_boessneck85,
  title = {Osteologische {{Besonderheiten}} Vom {{Morro}} de {{Mezquitilla}}, {{Málaga}}},
  author = {von den Driesch, Angela and Boessneck, Joachim},
  options = {useprefix=true},
  date = {1985},
  journaltitle = {Madrider Mitteilungen},
  volume = {26},
  pages = {45--48-45--48},
  isbn = {2749-8522}
}



@article{cardoso_etal13,
  title = {First Evidence of {{Equus}} Asinus {{L}}. in the {{Chalcolithic}} Disputes the {{Phoenicians}} as the First to Introduce Donkeys into the {{Iberian Peninsula}}},
  author = {Cardoso, João L. and Vilstrup, Julia T. and Eisenmann, Véra and Orlando, Ludovic},
  date = {2013},
  journaltitle = {Journal of Archaeological Science},
  volume = {40},
  number = {12},
  pages = {4483--4490},
  issn = {0305-4403},
  doi = {10.1016/j.jas.2013.07.010}
}



@article{schuhmacher_etal09,
  title = {Sourcing {{African}} Ivory in {{Chalcolithic Portugal}}},
  author = {Schuhmacher, Thomas X. and Cardoso, João Luís and Banerjee, Arun},
  date = {2009-12},
  journaltitle = {Antiquity},
  volume = {83},
  number = {322},
  pages = {983--997},
  publisher = {{Cambridge University Press}},
  issn = {0003-598X, 1745-1744},
  doi = {10.1017/S0003598X00099294}
}




@article{valera_etal15,
  title = {Ivory in the {{Chalcolithic}} Enclosure of {{Perdigões}} ({{South Portugal}}): The Social Role of an Exotic Raw Material},
  author = {Valera, António Carlos and Schuhmacher, Thomas Xaver and Banerjee, Arun},
  date = {2015-05-27},
  journaltitle = {World Archaeology},
  shortjournal = {null},
  volume = {47},
  number = {3},
  pages = {390--413},
  publisher = {{Routledge}},
  issn = {0043-8243},
  doi = {10.1080/00438243.2015.1014571},
  url = {https://doi.org/10.1080/00438243.2015.1014571}
}




@article{valerio_etal18,
  title = {Early {{Imports}} in the {{Late Bronze Age}} of {{South-Western Iberia}}: {{The Bronze Ornaments}} of the {{Hypogea}} at {{Monte}} Da {{Ramada}} 1 ({{Southern Portugal}})},
  shorttitle = {Early {{Imports}} in the {{Late Bronze Age}} of {{South-Western Iberia}}},
  author = {Valério, P. and Araújo, M. F. and Soares, A. M. M. and Silva, R. J. C. and Baptista, L. and Mataloto, R.},
  date = {2018},
  journaltitle = {Archaeometry},
  volume = {60},
  number = {2},
  pages = {255--268},
  issn = {1475-4754},
  doi = {10.1111/arcm.12310}
}





@article{martin_etal16,
  title = {The {{Status Problem}} of {{Iberian Holocene Equids}}: {{New Data}} from {{Cueva}} de {{El Mirador}} ({{Sierra}} de {{Atapuerca}}, {{Spain}})},
  shorttitle = {The {{Status Problem}} of {{Iberian Holocene Equids}}},
  author = {Martín, P. and Vergès, J. M. and Nadal, J.},
  date = {2016},
  journaltitle = {International Journal of Osteoarchaeology},
  volume = {26},
  number = {2},
  pages = {232--245},
  issn = {1099-1212},
  doi = {10.1002/oa.2413}
}



@article{harrison_etal87,
  title = {Moncín: Poblado Prehistórico de La {{Edad}} Del {{Bronce}} ({{I}})},
  author = {Harrison, R. J. and Moreno López, G. and Legge, A. J.},
  date = {1987},
  journaltitle = {Noticiario Arqueológico Hispánico (1979)},
  number = {29},
  pages = {7--102},
  isbn = {0211-1748}
}



@inproceedings{castanos05,
  title = {Estudio de La Fauna de {{Cueva Mayor}} de {{Atapuerca}}},
  booktitle = {Estudios Sobre {{Atapuerca}} ({{Burgos}})},
  author = {Castaños, Pedro María },
  date = {2005},
  pages = {247--258},
  publisher = {{Servicio de Publicaciones= Argitalpen Zerbitzua}}
}



@book{altuna80,
  title = {Historia de La Domesticación Animal En El {{País Vasco}} Desde Sus Orígenes Hasta La Romanización},
  author = {Altuna, Jesús},
  date = {1980},
  publisher = {{Sociedad de Ciencias Aranzadi San Sebastián}}
}



@book{keil12,
  title = {Specificity of Proteolysis},
  author = {Keil, Borivoj},
  date = {2012},
  publisher = {{Springer Science \& Business Media}},
  isbn = {3-642-48380-1}
}



@article{wilkins_etal97,
  title = {Detailed Peptide Characterization Using {{PEPTIDEMASS}}–a {{World}}‐{{Wide}}‐{{Web}}‐accessible Tool},
  author = {Wilkins, Marc R. and Lindskog, Ingrid and Gasteiger, Elisabeth and Bairoch, Amos and Sanchez, Jean-Charles and Hochstrasser, Denis F. and Appel, Ron D.},
  date = {1997},
  journaltitle = {Electrophoresis},
  volume = {18},
  pages = {403--408},
  publisher = {{Wiley Online Library}},
  isbn = {0173-0835},
  issue = {3‐4}
}



@article{gasteiger_etal05,
  title = {Protein Identification and Analysis Tools on the {{ExPASy}} Server},
  author = {Gasteiger, Elisabeth and Hoogland, Christine and Gattiker, Alexandre and Wilkins, Marc R. and Appel, Ron D. and Bairoch, Amos},
  date = {2005},
  journaltitle = {The proteomics protocols handbook},
  pages = {571--607},
  publisher = {{Springer}}
}



@article{kearse_etal12,
  title = {Geneious {{Basic}}: An Integrated and Extendable Desktop Software Platform for the Organization and Analysis of Sequence Data},
  author = {Kearse, Matthew and Moir, Richard and Wilson, Amy and Stones-Havas, Steven and Cheung, Matthew and Sturrock, Shane and Buxton, Simon and Cooper, Alex and Markowitz, Sidney and Duran, Chris},
  date = {2012},
  journaltitle = {Bioinformatics},
  volume = {28},
  number = {12},
  pages = {1647--1649},
  publisher = {{Oxford University Press}},
  isbn = {1460-2059}
}



@article{strohalm_etal10,
  title = {{{mMass}} 3: {{A Cross-Platform Software Environment}} for {{Precise Analysis}} of {{Mass Spectrometric Data}}},
  shorttitle = {{{mMass}} 3},
  author = {Strohalm, Martin and Kavan, Daniel and Novák, Petr and Volný, Michael and Havlíček, Vladimír},
  date = {2010-06-01},
  journaltitle = {Analytical Chemistry},
  shortjournal = {Anal. Chem.},
  volume = {82},
  number = {11},
  pages = {4648--4651},
  publisher = {{American Chemical Society}},
  issn = {0003-2700},
  doi = {10.1021/ac100818g}
}



@online{brown_etal20,
  title = {Zooarchaeology by {{Mass Spectrometry}} ({{ZooMS}}) for Bone Material - {{AmBiC}} Protocol Protocol Metadata},
  author = {Brown, Samantha and Hebestreit, Sandra and Wang, Naihui and Boivin, Nicole and Douka, Katerina and Richter, Kristine},
  date = {2020-06-29},
  url = {https://dx.doi.org/10.17504/protocols.io.bffdjji6},
  date = {2022},
  langid = {english},
  organization = {{protocols.io}}
}




@article{keil87,
  title = {Proteolysis {{Data Bank}}: Specificity of Alpha-Chymotrypsin from Computation of Protein Cleavages},
  author = {Keil, B},
  date = {1987},
  journaltitle = {Protein Seq Data Anal},
  shortjournal = {Protein Seq Data Anal},
  volume = {1},
  number = {1},
  eprint = {3447153},
  eprinttype = {pubmed},
  pages = {13--20},
  issn = {0931-9506}
}





@article{gibson_dixon69,
  title = {Chymotrypsin-like Proteases from the Sea Anemone, {{Metridium}} Senile},
  author = {Gibson, D. and Dixon, G.},
  date = {1969},
  journaltitle = {Nature},
  volume = {222},
  number = {5195},
  pages = {753--756},
  publisher = {{Nature Publishing Group}},
  doi = {10.1038/222753a0},
  isbn = {1476-4687}
}



@article{bern_etal12,
  title = {Byonic: Advanced Peptide and Protein Identification Software},
  author = {Bern, Marshall and Kil, Yong J. and Becker, Christopher},
  date = {2012},
  journaltitle = {Current protocols in bioinformatics},
  volume = {40},
  number = {1},
  pages = {13.20. 1-13.20. 14},
  publisher = {{Wiley Online Library}},
  isbn = {1934-3396}
}




@article{davis02,
  title = {The Mammals and Birds from the {{Gruta}} Do {{Caldeirão}}, {{Portugal}}},
  author = {Davis, Simon},
  date = {2002},
  journaltitle = {Revista Portuguesa de Arqueologia},
  shortjournal = {Revista Portuguesa de Arqueologia},
  volume = {5},
  number = {2},
  pages = {29--98},
  publisher = {{Instituto Português de Arqueologia}},
  issn = {0874-2782}
}



@article{davis_etal18,
  title = {Animal Remains from {{Neolithic Lameiras}}, {{Sintra}}: The Earliest Domesticated Sheep, Goat, Cattle and Pigs in {{Portugal}} and Some Notes on Their Evolution},
  author = {Davis, Simon JM and Gabriel, Sónia and Simões, Teresa},
  date = {2018},
  journaltitle = {Archaeofauna-Madrid-},
  shortjournal = {Archaeofauna-Madrid-},
  volume = {27},
  pages = {93--172},
  publisher = {{Universidad Autónoma de Madrid}},
  issn = {1132-6891}
}



@article{cardoso_detry02,
  title = {Estudo Arqueozoológico Dos Restos de Ungulados Do Povoado Pré-Histórico de {{Leceia}} ({{Oeiras}})},
  author = {Cardoso, João Luís and Detry, Cleia},
  date = {2002},
  journaltitle = {Estudos Arqueológicos de Oeiras},
  shortjournal = {Estudos Arqueológicos de Oeiras},
  volume = {10},
  pages = {131--182},
  publisher = {{Câmara Municipal de Oeiras}},
  issn = {0872-6086}
}



@article{davis06,
  title = {Faunal Remains from {{Alcáçova}} de {{Santarém}}},
  author = {Davis, Simon},
  date = {2006},
  journaltitle = {Portugal, Instituto português de arqueologia},
  shortjournal = {Portugal, Instituto português de arqueologia}
}



@article{detry_fabiao21,
  title = {O Cavalo Na {{Lisboa}} Romana},
  author = {Detry, Cleia and Fabião, Carlos},
  date = {2021},
  journaltitle = {Lisboa romana, Felicitas Iulia Olisipo: A cidade produtora (e consumidora)},
  shortjournal = {Lisboa romana, Felicitas Iulia Olisipo: A cidade produtora (e consumidora)},
  pages = {87--91},
  publisher = {{Caleidoscópio/Câmara Municipal de Lisboa}},
  issn = {9896587221}
}




@article{detry_etal16,
  title = {A alimentação em Lisboa no decurso da Idade do Ferro : resultados das escavações realizadas no Núcleo Arqueológico da Rua dos Correeiros (Lisboa, Portugal)},
  shorttitle = {A alimentação em Lisboa no decurso da Idade do Ferro},
  author = {Detry, Cleia and Cardoso, João Luís and Bugalhão, Jacinta},
  date = {2016},
  journaltitle = {SPAL. Revista de Prehistoria y Arqueología de la Universidad de Sevilla},
  pages = {67--82},
  issn = {1133-4525},
  doi = {10.12795/spal.2016i25.03}
}




@article{detry_arruda13,
  title = {A Fauna Da {{Idade}} Do {{Ferro}} e Da {{Época Romana}} de {{Monte Molião}} ({{Lagos}}, {{Algarve}}): Continuidades e Rupturas Na Dieta Alimentar},
  author = {Detry, Cleia and Arruda, Ana Margarida},
  date = {2013},
  journaltitle = {Revista Portuguesa de Arqueologia},
  shortjournal = {Revista Portuguesa de Arqueologia},
  pages = {213--226},
  issn = {0874-2782}
}



@article{cardoso93,
  title = {Restos de Grandes Mamíferos Da Ilha Do {{Pessegueiro}}: Contribuição Para o Conhecimento Da Alimentação Na {{Época Romana}}},
  author = {Cardoso, João Luís},
  date = {1993},
  journaltitle = {Ilha do Pessegueiro: porto romano da Costa Alentejana},
  shortjournal = {Ilha do Pessegueiro: porto romano da Costa Alentejana},
  pages = {205--215},
  publisher = {{Instituto da Conservação da Natureza}}
}



@article{cardoso94,
  title = {A {{Fauna}} de Mamíferos Da Época {{Muçulmana}} Das {{Mesas}} Do {{Castelinho}} ({{Almodôvar}}): {{Materiais}} Das {{Campanhas}} de 1989-1992},
  author = {Cardoso, João Luís},
  date = {1994},
  journaltitle = {Arqueologia Medieval},
  shortjournal = {Arqueologia Medieval},
  number = {3},
  pages = {201--220},
  publisher = {{Edições Afrontamento, Lda.}},
  issn = {0872-2250}
}


@article{davis_etal08,
  title = {Animal Remains from a {{Moslem}} Period (12th/13th Century {{AD}}) Lixeira (Garbage Dump) in {{Silves}}, {{Algarve}}, {{Portugal}}},
  author = {Davis, Simon and Gonçalves, Maria José and Gabriel, Sónia},
  date = {2008},
  journaltitle = {Revista portuguesa de Arqueologia},
  shortjournal = {Revista portuguesa de Arqueologia},
  volume = {11},
  number = {1},
  pages = {183--258}
}



@article{detry_pimenta17,
  title = {Animal Remains from Medieval and Modern {{Vila Franca}} de {{Xira}}, {{Portugal}}: {{Excavations}} at the {{Neo-Realism Museum}}},
  author = {Detry, Cleia and Pimenta, João},
  date = {2017},
  journaltitle = {Cira Arqueologia},
  shortjournal = {Cira Arqueologia},
  volume = {5},
  pages = {238--259},
  publisher = {{Câmara Municipal de Vila Franca de Xira/CEA Vila Franca de Xira}},
  issn = {2183-069X}
}




@article{davis_goncalves17,
  title = {Animal Remains from the 4th–5th Century {{AD}} Well at {{São Miguel}} de {{Odrinhas}}, {{Sintra}}, {{Portugal}}: Tiny Sheep and a Dwarf Dog},
  author = {Davis, Simon JM and Gonçalves, Alexandre},
  date = {2017},
  journaltitle = {Revista portuguesa de arqueologia},
  shortjournal = {Revista portuguesa de arqueologia},
  volume = {20},
  number = {1},
  pages = {139--156},
  publisher = {{Instituto Português de Arqueologia}},
  issn = {0874-2782}
}



@article{coutu_etal21,
  title = {Palaeoproteomics Confirm Earliest Domesticated Sheep in Southern {{Africa}} ca. 2000 {{BP}}},
  author = {Coutu, Ashley N. and Taurozzi, Alberto J. and Mackie, Meaghan and Jensen, Theis Zetner Trolle and Collins, Matthew J. and Sealy, Judith},
  date = {2021-03-23},
  journaltitle = {Scientific Reports},
  shortjournal = {Sci Rep},
  volume = {11},
  number = {1},
  pages = {6631},
  publisher = {{Nature Publishing Group}},
  issn = {2045-2322},
  doi = {10.1038/s41598-021-85756-8}
}




@article{peters_etal,
  title = {Species Identification of {{Australian}} Marsupials Using Collagen Fingerprinting},
  author = {Peters, Carli and Richter, Kristine K. and Manne, Tiina and Dortch, Joe and Paterson, Alistair and Travouillon, Kenny and Louys, Julien and Price, Gilbert J. and Petraglia, Michael and Crowther, Alison and Boivin, Nicole},
  journaltitle = {Royal Society Open Science},
  date = {2021},
  volume = {8},
  number = {10},
  pages = {211229},
  publisher = {{Royal Society}},
  doi = {10.1098/rsos.211229}
}




@article{janzen_etal21,
  title = {Distinguishing {{African}} Bovids Using {{Zooarchaeology}} by {{Mass Spectrometry}} ({{ZooMS}}): {{New}} Peptide Markers and Insights into {{Iron Age}} Economies in {{Zambia}}},
  shorttitle = {Distinguishing {{African}} Bovids Using {{Zooarchaeology}} by {{Mass Spectrometry}} ({{ZooMS}})},
  author = {Janzen, Anneke and Richter, Kristine Korzow and Mwebi, Ogeto and Brown, Samantha and Onduso, Veronicah and Gatwiri, Filia and Ndiema, Emmanuel and Katongo, Maggie and Goldstein, Steven T. and Douka, Katerina and Boivin, Nicole},
  date = {2021-05-18},
  journaltitle = {PLOS ONE},
  volume = {16},
  number = {5},
  pages = {e0251061},
  publisher = {{Public Library of Science}},
  issn = {1932-6203},
  doi = {10.1371/journal.pone.0251061}
}




@article{gaunitz_etal18,
  title = {Ancient Genomes Revisit the Ancestry of Domestic and {{Przewalski}}’s Horses},
  author = {Gaunitz, Charleen and Fages, Antoine and Hanghøj, Kristian and Albrechtsen, Anders and Khan, Naveed and Schubert, Mikkel and Seguin-Orlando, Andaine and Owens, Ivy J. and Felkel, Sabine and Bignon-Lau, Olivier},
  date = {2018},
  journaltitle = {Science},
  volume = {360},
  number = {6384},
  pages = {111--114},
  publisher = {{American Association for the Advancement of Science}},
  isbn = {0036-8075}
}



@article{outram_etal09,
  title = {The Earliest Horse Harnessing and Milking},
  author = {Outram, Alan K. and Stear, Natalie A. and Bendrey, Robin and Olsen, Sandra and Kasparov, Alexei and Zaibert, Victor and Thorpe, Nick and Evershed, Richard P.},
  date = {2009},
  journaltitle = {Science},
  volume = {323},
  number = {5919},
  pages = {1332--1335},
  publisher = {{American Association for the Advancement of Science}},
  isbn = {0036-8075}
}



@article{bella16,
  title = {Collagen Structure: New Tricks from a Very Old Dog},
  author = {Bella, Jordi},
  date = {2016},
  journaltitle = {Biochemical Journal},
  volume = {473},
  number = {8},
  pages = {1001--1025},
  publisher = {{Portland Press Ltd.}},
  isbn = {0264-6021}
}



@article{gattiker_etal02,
  title = {{{FindPept}}, a Tool to Identify Unmatched Masses in Peptide Mass Fingerprinting Protein Identification},
  author = {Gattiker, Alexandre and Bienvenut, Willy V. and Bairoch, Amos and Gasteiger, Elisabeth},
  date = {2002},
  journaltitle = {Proteomics},
  volume = {2},
  number = {10},
  pages = {1435--1444},
  publisher = {{Wiley Online Library}},
  isbn = {1615-9853}
}



@article{schubert_etal17,
  title = {Zonkey: {{A}} Simple, Accurate and Sensitive Pipeline to Genetically Identify Equine {{F1-hybrids}} in Archaeological Assemblages},
  shorttitle = {Zonkey},
  author = {Schubert, Mikkel and Mashkour, Marjan and Gaunitz, Charleen and Fages, Antoine and Seguin-Orlando, Andaine and Sheikhi, Shiva and Alfarhan, Ahmed H. and Alquraishi, Saleh A. and Al-Rasheid, Khaled A. S. and Chuang, Richard and Ermini, Luca and Gamba, Cristina and Weinstock, Jaco and Vedat, Onar and Orlando, Ludovic},
  date = {2017-02-01},
  journaltitle = {Journal of Archaeological Science},
  shortjournal = {Journal of Archaeological Science},
  volume = {78},
  pages = {147--157},
  issn = {0305-4403},
  doi = {10.1016/j.jas.2016.12.005}
}


@article{wilkins_etal97,
  title = {Detailed Peptide Characterization Using {{PEPTIDEMASS}}–a {{World}}‐{{Wide}}‐{{Web}}‐accessible Tool},
  author = {Wilkins, Marc and Lindskog, Ingrid and Gasteiger, Elisabeth and Bairoch, Amos and Sanchez, Jean-Charles and Hochstrasser, Denis F. and Appel, Ron D.},
  date = {1997},
  journaltitle = {Electrophoresis},
  volume = {18},
  pages = {403--408},
  publisher = {{Wiley Online Library}},
  isbn = {0173-0835},
  issue = {3‐4}
}


@article{tipton_etal09,
  title = {Effects of {{pH}} on Enzymes},
  author = {Tipton, Keith F and McDonald, Andrew G and Dixonw, Henry BF},
  date = {2009},
  journaltitle = {Contemporary Enzyme Kinetics and Mechanism: Reliable Lab Solutions},
  shortjournal = {Contemporary Enzyme Kinetics and Mechanism: Reliable Lab Solutions},
  pages = {123},
  publisher = {{Academic Press}},
  issn = {0123847443}
}


@incollection{broderick01,
  title = {Coenzymes and Cofactors},
  booktitle = {{{eLS}}},
  author = {Broderick, Joan},
  date = {2001},
  publisher = {{John Wiley \& Sons, Ltd}},
  doi = {10.1038/npg.els.0000631},
  isbn = {978-0-470-01590-2}
}

@article{hartley60,
  title = {Proteolytic Enzymes},
  author = {Hartley, BS},
  date = {1960},
  journaltitle = {Annual review of biochemistry},
  shortjournal = {Annual review of biochemistry},
  volume = {29},
  number = {1},
  pages = {45--72},
  publisher = {{Annual Reviews 4139 El Camino Way, PO Box 10139, Palo Alto, CA 94303-0139, USA}},
  issn = {0066-4154}
}



@article{ameen_etal21,
  title = {In Search of the ‘Great Horse’: {{A}} Zooarchaeological Assessment of Horses from {{England}} ({{AD}} 300–1650)},
  shorttitle = {In Search of the ‘Great Horse’},
  author = {Ameen, Carly and Benkert, Helene and Fraser, Tamsyn and Gordon, Rebecca and Holmes, Matilda and Johnson, Will and Lauritsen, Malene and Maltby, Mark and Rapp, Karina and Townend, Tess and Baker, Gary Paul and Jones, Laura May and Vo Van Qui, Camille and Webley, Robert and Liddiard, Robert and Sykes, Naomi and Creighton, Oliver H. and Thomas, Richard and Outram, Alan K.},
  date = {2021},
  journaltitle = {International Journal of Osteoarchaeology},
  volume = {31},
  number = {6},
  pages = {1247--1257},
  issn = {1099-1212},
  doi = {10.1002/oa.3038}
}



@article{jaworski_etal20,
  title = {Different {{Approach}} to {{Horses}}—{{The Use}} of {{Equid Remains}} in the {{Early Middle Ages}} on the {{Example}} of {{Ostrów Tumski}} in {{Wroclaw}}},
  author = {Jaworski, Krzysztof and Pankiewicz, Aleksandra and Chrószcz, Aleksander and Poradowski, Dominik},
  date = {2020-12},
  journaltitle = {Animals},
  volume = {10},
  number = {12},
  pages = {2294},
  publisher = {{Multidisciplinary Digital Publishing Institute}},
  issn = {2076-2615},
  doi = {10.3390/ani10122294}
}



@article{rodriguez_etal08,
  title = {Does {{Trypsin Cut Before Proline}}?},
  author = {Rodriguez, Jesse and Gupta, Nitin and Smith, Richard D. and Pevzner, Pavel A.},
  date = {2008-01-01},
  journaltitle = {Journal of Proteome Research},
  shortjournal = {J. Proteome Res.},
  volume = {7},
  number = {1},
  pages = {300--305},
  publisher = {{American Chemical Society}},
  issn = {1535-3893},
  doi = {10.1021/pr0705035}
}



@article{olsen_etal04,
  title = {Trypsin {{Cleaves Exclusively C-terminal}} to {{Arginine}} and {{Lysine Residues}} *},
  author = {Olsen, Jesper V. and Ong, Shao-En and Mann, Matthias},
  date = {2004-06-01},
  journaltitle = {Molecular \& Cellular Proteomics},
  shortjournal = {Molecular \& Cellular Proteomics},
  volume = {3},
  number = {6},
  pages = {608--614},
  publisher = {{Elsevier}},
  issn = {1535-9476, 1535-9484},
  doi = {10.1074/mcp.T400003-MCP200}
}



@article{castro_etal16,
  title = {La colonización fenicia inicial en el Mediterráneo Central: nuevas excavaciones arqueológicas en Utica (Túnez)},
  shorttitle = {La colonización fenicia inicial en el Mediterráneo Central},
  author = {Castro, José Luis López and Ferjaoui, Ahmed and Martín, Alfredo Mederos and Hahnmüller, Víctor Martínez and Jerbania, Imed Ben},
  date = {2016-06-30},
  journaltitle = {Trabajos de Prehistoria},
  volume = {73},
  number = {1},
  pages = {68--89},
  issn = {1988-3218},
  doi = {10.3989/tp.2016.12164}
}



@article{guirguis19,
  title = {11. {{Central North Africa}} and {{Sardinian}} Connections (End of 9th-8th Century {{BC}}). {{The}} Multi-Ethnic and Multicultural Facies of the Earliest Western {{Phoenician}} Communities},
  author = {Guirguis, Michele},
  date = {2019},
  journaltitle = {Archaeology in Africa},
  pages = {111}
}


@article{hirschfeld_etal19,
  title = {An Analysis of Bag Figures and the Potential Impact on the Conservation of Threatened Species},
  author = {Hirschfeld, Axel and Attard, Geraldine and Scott, Lloyd},
  date = {2019},
  journaltitle = {British Birds},
  pages = {14}
}


@inproceedings{martin05,
  title = {La Cronología Fenicia. {{Entre}} El {{Mediterráneo Oriental}} y El {{Occidental}}},
  booktitle = {El Periodo Orientalizante. {{Protohistoria}} Del {{Mediterráneo}} Occidental: Actas Del {{III Simposio Internacional}} de {{Arqueología}} de {{Mérida}}},
  author = {Martín, Alfredo Mederos},
  date = {2005},
  pages = {305--346},
  publisher = {{Consejo Superior de Investigaciones Científicas, CSIC}},
  isbn = {84-00-08345-8}
}



@article{decanales_etal06,
  title = {The Pre-Colonial {{Phoenician}} Emporium of {{Huelva}} ca 900–770 {{BC}}},
  author = {De Canales, F. González and Serrano, L. and Llompart, J.},
  date = {2006},
  journaltitle = {BABesch},
  volume = {81},
  pages = {13--29}
}


@article{nijboer_vanderplicht06,
  title = {An Interpretation of the Radiocarbon Determinations of the Oldest Indigenous-{{Phoenician}} Stratum Thus Far, Excavated at {{Huelva}}, {{Tartessos}} (South-West {{Spain}})},
  author = {Nijboer, Albert J. and van der Plicht, Johannes},
  options = {useprefix=true},
  date = {2006},
  journaltitle = {Bulletin antieke beschaving},
  volume = {81},
  pages = {31--36}
}



@article{escacenacarrasco_etal07,
  title = {Sobre El {{Carambolo}}: Un Híppos Sagrado Del Santuario {{IV}} y Su Contexto Arqueológico},
  author = {Escacena Carrasco, José Luis and Fernández Flores, Álvaro and Rodríguez Azogue, Araceli},
  date = {2007},
  journaltitle = {Archivo español de arqueología, 80, 5-28.},
  publisher = {{Instituto de Historia, CSIC}},
  isbn = {1988-3110}
}



@article{sanchezsanchez-moreno_etal12,
  title = {El Asentamiento Fenicio de {{La Rebanadilla}} a Finales Del Siglo {{IX aC}}},
  author = {Sánchez Sánchez-Moreno, Víctor and Galindo, L. and Juzgado, M. and Dumas, M.},
  date = {2012},
  journaltitle = {Diez años de Arqueología Fenicia en la provincia de Málaga (2001-2010). María del Mar Escalante Aguilar in memoriam. Monografías Arqueología, Junta de Andalucía. Málaga},
  pages = {67--85}
}



@incollection{lopezcastro19,
  title = {The {{Iberian Peninsula}}},
  booktitle = {The {{Oxford Handbook}} of the {{Phoenician}} and {{Punic Mediterranean}}},
  author = {López Castro, José Luis},
  date = {2019},
  pages = {958--980},
  publisher = {{Oxford Handbooks}},
  langid = {english}
}



@article{alvarezquerra_etal92,
  title = {La (Supuesta) Participación de {{Cartago}} En El Fin de {{Tarteso}}},
  author = {Alvar Ezquerra, Jaime and Martínez Maza, Clelia and Romero, M.},
  date = {1992},
  journaltitle = {Habis, 23, 39-52},
  publisher = {{Universidad de Sevilla}},
  isbn = {0210-7694}
}



@article{ben-david_flaherty12,
  title = {Stable Isotopes in Mammalian Research: A Beginner's Guide},
  shorttitle = {Stable Isotopes in Mammalian Research},
  author = {Ben-David, Merav and Flaherty, Elizabeth A.},
  date = {2012},
  journaltitle = {J Mammal},
  volume = {93},
  number = {2},
  pages = {312--328},
  issn = {0022-2372},
  doi = {10.1644/11-MAMM-S-166.1}
}



@article{sulzman07,
  title = {Stable Isotope Chemistry and Measurement: A Primer},
  author = {Sulzman, Elizabeth W.},
  date = {2007},
  journaltitle = {Stable isotopes in ecology and environmental science},
  volume = {2},
  pages = {1--21},
  publisher = {{Blackwell Publishing, Oxford}}
}



@book{michener_lajtha08,
  title = {Stable Isotopes in Ecology and Environmental Science},
  author = {Michener, Robert and Lajtha, Kate},
  date = {2008},
  publisher = {{John Wiley \& Sons}},
  isbn = {0-470-69117-4}
}



@article{oleary80,
  title = {[4] {{Determination}} of Heavy-Aton Isotope Effects on Enzyme-Catalyzed Reactions},
  author = {O'Leary, Marion H.},
  date = {1980},
  journaltitle = {Methods in Enzymology},
  volume = {64},
  pages = {83--104},
  publisher = {{Elsevier}},
  isbn = {0076-6879}
}



@article{pilaarbirch13,
  title = {Stable Isotopes in Zooarchaeology: An Introduction},
  author = {Pilaar Birch, Suzanne E.},
  date = {2013-06},
  journaltitle = {Archaeological and Anthropological Sciences},
  volume = {5},
  number = {2},
  pages = {81--83},
  issn = {1866-9565},
  doi = {10.1007/s12520-013-0126-7}
}



@article{bailey_etal83,
  title = {Oxygen Isotope Analysis and Seasonality Determinations: Limits and Potential of a New Technique},
  author = {Bailey, Geoffrey N. and Deith, Margaret R. and Shackleton, Nicholas J.},
  date = {1983},
  journaltitle = {American Antiquity},
  volume = {48},
  number = {2},
  pages = {390--398},
  publisher = {{Cambridge University Press}},
  isbn = {0002-7316}
}



@article{deith83,
  title = {Molluscan Calendars: The Use of Growth-Line Analysis to Establish Seasonality of Shellfish Collection at the {{Mesolithic}} Site of {{Morton}}, {{Fife}}},
  author = {Deith, Margaret R.},
  date = {1983},
  journaltitle = {Journal of Archaeological Science},
  volume = {10},
  number = {5},
  pages = {423--440},
  publisher = {{Elsevier}},
  isbn = {0305-4403}
}



@article{deith86,
  title = {Subsistence Strategies at a {{Mesolithic}} Camp Site: Evidence from Stable Isotope Analyses of Shells},
  author = {Deith, Margaret R},
  date = {1986},
  journaltitle = {Journal of Archaeological Science},
  volume = {13},
  number = {1},
  pages = {61--78},
  publisher = {{Elsevier}},
  isbn = {0305-4403}
}



@article{richards_etal01,
  title = {Sulphur Isotopic Variation in Ancient Bone Collagen from {{Europe}}: Implications for Human Palaeodiet, Residence Mobility, and Modern Pollutant Studies},
  author = {Richards, Michael and Fuller, B and Hedges, Robert E},
  date = {2001},
  journaltitle = {Earth and Planetary Science Letters},
  volume = {191},
  number = {3-4},
  pages = {185--190},
  publisher = {{Elsevier}},
  isbn = {0012-821X}
}



@article{ehleringer_monson93,
  title = {Evolutionary and Ecological Aspects of Photosynthetic Pathway Variation},
  author = {Ehleringer, James R. and Monson, Russell K.},
  date = {1993},
  journaltitle = {Annual Review of Ecology and Systematics},
  pages = {411--439},
  publisher = {{JSTOR}},
  isbn = {0066-4162}
}



@article{walton_etal82,
  title = {Methionine Metabolism in Rainbow Trout Fed Diets of Differing Methionine and Cystine Content},
  author = {Walton, Michael J. and Cowey, Colin B. and Adron, John W.},
  date = {1982},
  journaltitle = {The Journal of Nutrition},
  volume = {112},
  number = {8},
  pages = {1525--1535},
  publisher = {{Oxford University Press}},
  isbn = {0022-3166}
}



@article{finkelstein_etal88,
  title = {Methionine Metabolism in Mammals. {{The}} Methionine-Sparing Effect of Cystine.},
  author = {Finkelstein, James D. and Martin, John J. and Harris, Barbara J.},
  date = {1988},
  journaltitle = {Journal of Biological Chemistry},
  volume = {263},
  number = {24},
  pages = {11750--11754},
  publisher = {{Elsevier}},
  isbn = {0021-9258}
}



@article{eastoe67,
  title = {Composition of Collagen and Allied Proteins},
  author = {Eastoe, J. E.},
  date = {1967},
  journaltitle = {Treatise on collagen},
  volume = {1},
  pages = {1--72},
  publisher = {{Academic Press London}}
}



@article{gonzalez-martin_etal01,
  title = {Differentiation of Dietary Regimene of {{Iberian}} Swine by Means of Isotopic Analysis of Carbon and Sulphur in Hepatic Tissue},
  author = {González-Martin, I. and Pérez, C. González and Méndez, Hernández and González, C. Sánchez},
  date = {2001},
  journaltitle = {Meat Science},
  volume = {58},
  number = {1},
  pages = {25--30},
  publisher = {{Elsevier}},
  isbn = {0309-1740}
}



@article{gedan_etal09,
  title = {Centuries of Human-Driven Change in Salt Marsh Ecosystems},
  author = {Gedan, K. Bromberg and Silliman, Brian R. and Bertness, Mark D.},
  date = {2009},
  journaltitle = {Annual review of marine science},
  volume = {1},
  number = {1},
  pages = {117--141}
}




@article{muldner_etal14,
  title = {Inferring Animal Husbandry Strategies in Coastal Zones through Stable Isotope Analysis: New Evidence from the {{Flemish}} Coastal Plain ({{Belgium}}, 1st–15th Century {{AD}})},
  shorttitle = {Inferring Animal Husbandry Strategies in Coastal Zones through Stable Isotope Analysis},
  author = {Müldner, Gundula and Britton, Kate and Ervynck, Anton},
  date = {2014-01},
  journaltitle = {Journal of Archaeological Science},
  volume = {41},
  pages = {322--332},
  issn = {0305-4403},
  doi = {10.1016/j.jas.2013.08.010}
}



@article{britton_etal08,
  title = {Stable Isotope Evidence for Salt-Marsh Grazing in the {{Bronze Age Severn Estuary}}, {{UK}}: Implications for Palaeodietary Analysis at Coastal Sites},
  shorttitle = {Stable Isotope Evidence for Salt-Marsh Grazing in the {{Bronze Age Severn Estuary}}, {{UK}}},
  author = {Britton, Kate and Müldner, Gundula and Bell, Martin},
  date = {2008-08-01},
  journaltitle = {Journal of Archaeological Science},
  shortjournal = {Journal of Archaeological Science},
  volume = {35},
  number = {8},
  pages = {2111--2118},
  issn = {0305-4403},
  doi = {10.1016/j.jas.2008.01.012}
}



@article{richter_etal22,
  title = {A Primer for {{ZooMS}} Applications in Archaeology},
  author = {Richter, Kristine Korzow and Codlin, Maria C. and Seabrook, Melina and Warinner, Christina},
  date = {2022-05-17},
  journaltitle = {Proceedings of the National Academy of Sciences},
  volume = {119},
  number = {20},
  pages = {e2109323119},
  publisher = {{Proceedings of the National Academy of Sciences}},
  doi = {10.1073/pnas.2109323119}
}



@article{xu_etal18,
  title = {Structure Analysis of Collagen Fibril at Atomic-Level Resolution and Its Implications for Intra-Fibrillar Transport in Bone Biomineralization},
  author = {Xu, Zhijun and Zhao, Weilong and Wang, Ziqiu and Yang, Yang and Sahai, Nita},
  date = {2018},
  journaltitle = {Physical Chemistry Chemical Physics},
  volume = {20},
  number = {3},
  pages = {1513--1523},
  publisher = {{Royal Society of Chemistry}}
}


@article{el-aneed_etal09,
  title = {Mass {{Spectrometry}}, {{Review}} of the {{Basics}}: {{Electrospray}}, {{MALDI}}, and {{Commonly Used Mass Analyzers}}},
  author = {El-Aneed, Anas and Cohen, Aljandro and Banoub, Joseph},
  date = {2009-04},
  journaltitle = {Applied Spectroscopy Reviews},
  volume = {44},
  number = {3},
  pages = {210--230},
  issn = {0570-4928},
  doi = {10.1080/05704920902717872}
}



@online{brown_etal20,
  title = {Zooarchaeology by {{Mass Spectrometry}} ({{ZooMS}}) for Bone Material - {{AmBiC}} Protocol Protocol Metadata},
  author = {Brown, Samantha and Hebestreit, Sandra and Wang, Naihui and Boivin, Nicole and Douka, Katerina and Richter, Kristine},
  date = {2020-06-29},
  url = {https://dx.doi.org/10.17504/protocols.io.bffdjji6},
  urldate = {2022-07-07},
  abstract = {This collection details the different established protocols for Zooarchaeology by Mass Spectrometry (ZooMS) for use on archaeological bone. ZooMS allows for taxonomic identifica...},
  langid = {english},
  organization = {{protocols.io}},
  file = {C\:\\Users\\rosha\\Zotero\\storage\\YLJ32YKF\\metadata.html}
}



@book{gregory77,
  title = {Biochemistry of Photosynthesis},
  author = {Gregory, Richard Paul Fitzgerald},
  date = {1977},
  volume = {5},
  publisher = {{Wiley London}}
}



@article{vanniel49,
  title = {The Comparative Biochemistry of Photosynthesis},
  author = {Van Niel, CB},
  date = {1949},
  journaltitle = {American Scientist},
  shortjournal = {American Scientist},
  volume = {37},
  number = {3},
  pages = {371--383},
  publisher = {{JSTOR}},
  issn = {0003-0996}
}



@article{chollet77,
  title = {The Biochemistry of Photorespiration},
  author = {Chollet, Raymond},
  date = {1977},
  journaltitle = {Trends in Biochemical Sciences},
  shortjournal = {Trends in Biochemical Sciences},
  volume = {2},
  number = {7},
  pages = {155--159},
  publisher = {{Elsevier}},
  issn = {0968-0004}
}



@article{artus_etal86,
  title = {The Biochemistry and Cell Biology of Photorespiration},
  author = {Artus, Nancy N and Somerville, Shauna C and Somerville, Christopher R and Lorimer, George H},
  date = {1986},
  journaltitle = {Critical reviews in plant sciences},
  volume = {4},
  number = {2},
  pages = {121--147},
  publisher = {{Taylor \& Francis}},
  issn = {0735-2689}
}



@article{winter_smith22,
  title = {{{CAM}} Photosynthesis: The Acid Test},
  author = {Winter, Klaus and Smith, J Andrew C},
  date = {2022},
  journaltitle = {New Phytologist},
  shortjournal = {New Phytologist},
  volume = {233},
  number = {2},
  pages = {599--609},
  publisher = {{Wiley Online Library}},
  issn = {0028-646X}
}



@article{hejcmanova_etal14,
  title = {Forage Quality of Leaf-Fodder from the Main Broad-Leaved Woody Species and Its Possible Consequences for the {{Holocene}} Development of Forest Vegetation in {{Central Europe}}},
  author = {Hejcmanová, Pavla and Stejskalová, Michaela and Hejcman, Michal},
  date = {2014-09-01},
  journaltitle = {Vegetation History and Archaeobotany},
  shortjournal = {Veget Hist Archaeobot},
  volume = {23},
  number = {5},
  pages = {607--613},
  issn = {1617-6278},
  doi = {10.1007/s00334-013-0414-2},
  url = {https://doi.org/10.1007/s00334-013-0414-2}
}



@article{francey_farquhar82,
  title = {An Explanation of {{13C}}/{{12C}} Variations in Tree Rings},
  author = {Francey, R. J. and Farquhar, G. D.},
  date = {1982},
  journaltitle = {Nature},
  volume = {297},
  number = {5861},
  pages = {28--31},
  publisher = {{Nature Publishing Group}},
  isbn = {1476-4687}
}


@article{noe-nygaard_etal05,
  title = {Diet of Aurochs and Early Cattle in Southern {{Scandinavia}}: Evidence from {{15N}} and {{13C}} Stable Isotopes},
  shorttitle = {Diet of Aurochs and Early Cattle in Southern {{Scandinavia}}},
  author = {Noe-Nygaard, N. and Price, T. D. and Hede, S. U.},
  date = {2005-06-01},
  journaltitle = {Journal of Archaeological Science},
  shortjournal = {Journal of Archaeological Science},
  volume = {32},
  number = {6},
  pages = {855--871},
  issn = {0305-4403},
  doi = {10.1016/j.jas.2005.01.004}
}



@online{gillis21,
  title = {Forest Pasturing and Foddering: Stable Isotope Prespectives},
  shorttitle = {Forest Pasturing and Foddering},
  author = {Gillis, Roz},
  date = {2021-03-15T10:33:32+00:00},
  url = {https://zooarchisotopes.com/2021/03/15/forest-pasturing/}
}




@article{mora-gonzalez_etal19,
  title = {Agricultural Production in the 1st Millennium {{BCE}} in {{Northwest Iberia}}: Results of Carbon Isotope Analysis},
  author = {Mora-González, Adrián and Teira-Brión, Andrés and Granados-Torres, Arsenio and Contreras-Cortés, Francisco and Delgado-Huertas, Antonio},
  date = {2019},
  journaltitle = {Archaeological and Anthropological Sciences},
  volume = {11},
  number = {6},
  pages = {2897--2909},
  publisher = {{Springer}},
  isbn = {1866-9565}
}




@article{mora-gonzalez_etal19a,
  title = {Agricultural Production in the 1st Millennium {{BCE}} in {{Northwest Iberia}}: Results of Carbon Isotope Analysis},
  shorttitle = {Agricultural Production in the 1st Millennium {{BCE}} in {{Northwest Iberia}}},
  author = {Mora-González, Adrián and Teira-Brión, Andrés and Granados-Torres, Arsenio and Contreras-Cortés, Francisco and Delgado-Huertas, Antonio},
  date = {2019-06-01},
  journaltitle = {Archaeological and Anthropological Sciences},
  shortjournal = {Archaeol Anthropol Sci},
  volume = {11},
  number = {6},
  pages = {2897--2909},
  issn = {1866-9565},
  doi = {10.1007/s12520-018-0721-8}
}



@incollection{tiwari_etal15,
  title = {Chapter 3 - {{Stable Isotopes}}: {{Tools}} for {{Understanding Past Climatic Conditions}} and {{Their Applications}} in {{Chemostratigraphy}}},
  shorttitle = {Chapter 3 - {{Stable Isotopes}}},
  booktitle = {Chemostratigraphy},
  author = {Tiwari, Manish and Singh, Ashutosh K. and Sinha, Devesh K.},
  editor = {Ramkumar, Mu.},
  date = {2015},
  pages = {65--92},
  publisher = {{Elsevier}},
  location = {{Oxford}},
  doi = {10.1016/B978-0-12-419968-2.00003-0}
}



@article{voncaemmerer20,
  title = {Rubisco Carboxylase/Oxygenase: {{From}} the Enzyme to the Globe: {{A}} Gas Exchange Perspective},
  author = {von Caemmerer, Susanne},
  options = {useprefix=true},
  date = {2020-09-01},
  journaltitle = {Journal of Plant Physiology},
  volume = {252},
  pages = {153240},
  issn = {0176-1617},
  doi = {10.1016/j.jplph.2020.153240}
}



@article{brand_etal14,
  title = {Assessment of International Reference Materials for Isotope-Ratio Analysis ({{IUPAC Technical Report}})},
  author = {Brand, Willi A. and Coplen, Tyler B. and Vogl, Jochen and Rosner, Martin and Prohaska, Thomas},
  date = {2014-03},
  journaltitle = {Pure and Applied Chemistry},
  volume = {86},
  number = {3},
  pages = {425--467},
  issn = {0033-4545, 1365-3075},
  doi = {10.1515/pac-2013-1023}
}



@article{leach_etal96,
  title = {A Stochastic Approach to the Reconstruction of Prehistoric Human Diet in the {{Pacific}} Region from Bone Isotope Signatures},
  author = {Leach, Bryan Foss and Quinn, Carolyn Jean and Lyon, Graeme L.},
  date = {1996},
  journaltitle = {Tuhinga},
  pages = {1--54}
}



@article{bogaard_outram13,
  title = {Palaeodiet and beyond: Stable Isotopes in Bioarchaeology},
  shorttitle = {Palaeodiet and Beyond},
  author = {Bogaard, Amy and Outram, Alan K.},
  date = {2013-08},
  journaltitle = {World Archaeology},
  volume = {45},
  number = {3},
  pages = {333--337},
  issn = {0043-8243, 1470-1375},
  doi = {10.1080/00438243.2013.829272}
}



@article{makarewicz_sealy15,
  title = {Dietary Reconstruction, Mobility, and the Analysis of Ancient Skeletal Tissues: {{Expanding}} the Prospects of Stable Isotope Research in Archaeology},
  author = {Makarewicz, Cheryl A. and Sealy, Judith},
  date = {2015},
  journaltitle = {Journal of Archaeological Science},
  volume = {56},
  pages = {146--158},
  publisher = {{Elsevier}},
  isbn = {0305-4403},
  doi = {10.1016/j.jas.2015.02.035}
}



@article{riehl20,
  title = {Stable {{Isotopes}} in {{Ancient Agriculture}}},
  author = {Riehl, Simone},
  date = {2020},
  journaltitle = {A Companion to Ancient Agriculture},
  pages = {55--81},
  publisher = {{Wiley Online Library}},
  doi = {10.1002/9781118970959.ch4}
}



@book{boyer02,
  title = {Concepts in Biochemistry},
  author = {Boyer, Rodney F.},
  date = {2002},
  volume = {139},
  publisher = {{Brooks/Cole Pacific Grove, CA}}
}




@book{heldt_piechulla21,
  title = {Plant Biochemistry},
  author = {Heldt, Hans-Walter and Piechulla, Birgit},
  date = {2021},
  publisher = {{Academic Press}},
  isbn = {0-12-822713-3}
}




@article{peterhansel_etal10,
  title = {Photorespiration},
  author = {Peterhansel, Christoph and Horst, Ina and Niessen, Markus and Blume, Christian and Kebeish, Rashad and Kürkcüoglu, Sophia and Kreuzaler, Fritz},
  date = {2010-03},
  journaltitle = {The Arabidopsis Book},
  shortjournal = {arbo.j},
  volume = {2010},
  number = {8},
  publisher = {{The American Society of Plant Biologists}},
  issn = {1543-8120},
  doi = {10.1199/tab.0130}
}



@book{buchanan_etal15,
  title = {Biochemistry and Molecular Biology of Plants},
  author = {Buchanan, Bob B. and Gruissem, Wilhelm and Jones, Russell L.},
  date = {2015},
  publisher = {{John wiley \& sons}},
  isbn = {0-470-71422-0}
}


@book{zohary_etal12,
  title = {Domestication of {{Plants}} in the {{Old World}}: {{The}} Origin and Spread of Domesticated Plants in {{Southwest Asia}}, {{Europe}}, and the {{Mediterranean Basin}}},
  author = {Zohary, Daniel and Hopf, Maria and Weiss, Ehud},
  date = {2012},
  publisher = {{Oxford University Press}},
  isbn = {0-19-162425-X}
}



@incollection{vandermaesen87,
  title = {Origin, History and Taxonomy of Chickpea},
  booktitle = {The Chickpea},
  author = {Van der Maesen, LJG},
  date = {1987},
  pages = {11--34},
  isbn = {0-85198-571-8}
}


@article{aebersold_goodlett01,
  title = {Mass {{Spectrometry}} in {{Proteomics}}},
  author = {Aebersold, Ruedi and Goodlett, David R.},
  date = {2001-02-01},
  journaltitle = {Chemical Reviews},
  shortjournal = {Chem. Rev.},
  volume = {101},
  number = {2},
  pages = {269--296},
  publisher = {{American Chemical Society}},
  issn = {0009-2665},
  doi = {10.1021/cr990076h}
}


@book{dietler09,
  title = {Colonial Encounters in {{Iberia}} and the {{Western Mediterranean}}: {{An}} Exploratory Framework},
  author = {Dietler, Michael},
  date = {2009}
}

@article{gomes_arruda18,
  title = {On the Edge of History? {{The Early Iron Age}} of Southern {{Portugal}}, between Texts and Archaeology},
  shorttitle = {On the Edge of History?},
  author = {Gomes, Francisco B. and Arruda, Ana Margarida},
  date = {2018-10},
  journaltitle = {World Archaeology},
  volume = {50},
  number = {5},
  pages = {764--780},
  issn = {0043-8243},
  doi = {10.1080/00438243.2019.1604258},
  url = {https://doi.org/10.1080/00438243.2019.1604258}
}

@book{quinn19,
  title = {In Search of the {{Phoenicians}}},
  author = {Quinn, Josephine},
  date = {2019},
  publisher = {{Princeton University Press}},
  isbn = {0-691-19596-X}
}

@article{bocherens_drucker03,
  title = {Trophic Level Isotopic Enrichment of Carbon and Nitrogen in Bone Collagen: Case Studies from Recent and Ancient Terrestrial Ecosystems},
  shorttitle = {Trophic Level Isotopic Enrichment of Carbon and Nitrogen in Bone Collagen},
  author = {Bocherens, H. and Drucker, D.},
  date = {2003},
  journaltitle = {International Journal of Osteoarchaeology},
  volume = {13},
  number = {1-2},
  pages = {46--53},
  issn = {1099-1212},
  doi = {10.1002/oa.662}
}

@book{boessneck_etal64,
  title = {Osteologische {{Unterscheidungsmerkmale}} Zwischen {{Schaf}} ({{Ovis}} Aries {{Linné}}) Und {{Ziege}} ({{Capra}} Hircus {{Linné}})},
  author = {Boessneck, Joachim and Müller, Hanns-Hermann and Teichert, Manfred},
  date = {1964},
  publisher = {{Verlag nicht ermittelbar}}
}

@article{coplen11,
  title = {Guidelines and Recommended Terms for Expression of Stable-Isotope-Ratio and Gas-Ratio Measurement Results},
  author = {Coplen, Tyler B.},
  date = {2011},
  journaltitle = {Rapid Communications in Mass Spectrometry},
  volume = {25},
  number = {17},
  pages = {2538--2560},
  issn = {1097-0231},
  doi = {10.1002/rcm.5129}
}

@article{froehle_etal10,
  title = {{{FOCUS}}: Effect of Diet and Protein Source on Carbon Stable Isotope Ratios in Collagen: Follow up to {{Warinner}} and {{Tuross}} (2009)},
  shorttitle = {{{FOCUS}}},
  author = {Froehle, A. W. and Kellner, C. M. and Schoeninger, M. J.},
  date = {2010-10},
  journaltitle = {Journal of Archaeological Science},
  volume = {37},
  pages = {2662--2670},
  issn = {0305-4403},
  doi = {10.1016/j.jas.2010.06.003}
}

@article{hedges_reynard07,
  title = {Nitrogen Isotopes and the Trophic Level of Humans in Archaeology},
  author = {Hedges, Robert E. M. and Reynard, Linda M.},
  date = {2007-08},
  journaltitle = {Journal of Archaeological Science},
  volume = {34},
  pages = {1240--1251},
  issn = {0305-4403},
  doi = {10.1016/j.jas.2006.10.015}
}

@article{kellner_schoeninger07,
  title = {A Simple Carbon Isotope Model for Reconstructing Prehistoric Human Diet},
  author = {Kellner, Corina M. and Schoeninger, Margaret J.},
  date = {2007},
  journaltitle = {American Journal of Physical Anthropology},
  volume = {133},
  pages = {1112--1127},
  issn = {1096-8644},
  doi = {10.1002/ajpa.20618}
}


@article{kohn10,
  title = {Carbon Isotope Compositions of Terrestrial {{C3}} Plants as Indicators of (Paleo)Ecology and (Paleo)Climate},
  author = {Kohn, Matthew J.},
  date = {2010-11},
  journaltitle = {Proc Natl Acad Sci U S A},
  volume = {107},
  pages = {19691--19695},
  issn = {0027-8424},
  doi = {10.1073/pnas.1004933107}
}

@incollection{leegood13,
  title = {Photosynthesis},
  booktitle = {Encyclopedia of {{Biological Chemistry}} ({{Second Edition}})},
  author = {Leegood, R. C.},
  editor = {Lennarz, William J. and Lane, M. Daniel},
  date = {2013-01},
  pages = {492--496},
  publisher = {{Academic Press}},
  location = {{Waltham}},
  doi = {10.1016/B978-0-12-378630-2.00049-9}
}

@article{nehlich_etal10,
  title = {Sulphur Isotope Evidence for Freshwater Fish Consumption: A Case Study from the {{Danube Gorges}}, {{SE Europe}}},
  author = {Nehlich, Olaf and  Borić,  Dušan and Stefanović, Sofija and Richards, Michael P.},
  date = {2010},
  journaltitle = {Journal of Archaeological Science},
  volume = {37},
  number = {5},
  pages = {1131--1139},
  publisher = {{Elsevier}},
  isbn = {0305-4403}
}

@article{payne69,
  title = {A Metrical Distinction between Sheep and Goat Metacarpals},
  author = {Payne, Sebastian},
  date = {1969},
  journaltitle = {The domestication and exploitation of plants and animals},
  pages = {295--305},
  publisher = {{Duckworth: London}}
}

@article{price_etal17,
  title = {Stable Isotopes and Discriminating Tastes: {{Faunal}} Management Practices at the {{Late Bronze Age}} Settlement of {{Mycenae}}, {{Greece}}},
  shorttitle = {Stable Isotopes and Discriminating Tastes},
  author = {Price, Gypsy C. and Krigbaum, John and Shelton, Kim},
  date = {2017-08},
  journaltitle = {Journal of Archaeological Science: Reports},
  volume = {14},
  pages = {116--126},
  issn = {2352-409X},
  doi = {10.1016/j.jasrep.2017.05.034}
}

@article{schoeninger85,
  title = {Trophic Level Effects on {{15N}}/{{14N}} and {{13C}}/{{12C}} Ratios in Bone Collagen and Strontium Levels in Bone Mineral},
  author = {Schoeninger, Margaret J.},
  date = {1985-07},
  journaltitle = {Journal of Human Evolution},
  volume = {14},
  pages = {515--525},
  issn = {00472484},
  doi = {10.1016/S0047-2484(85)80030-0}
}

@book{schramm67,
  title = {Morphological Differences of Some Goat and Sheep Bones},
  author = {Schramm, Zdzislawa},
  date = {1967},
  publisher = {{Wyższa Szkoła Rolnicza}}
}

@article{tieszen91,
  title = {Natural Variations in the Carbon Isotope Values of Plants: {{Implications}} for Archaeology, Ecology, and Paleoecology},
  shorttitle = {Natural Variations in the Carbon Isotope Values of Plants},
  author = {Tieszen, Larry L.},
  date = {1991-05},
  journaltitle = {Journal of Archaeological Science},
  volume = {18},
  pages = {227--248},
  issn = {0305-4403},
  doi = {10.1016/0305-4403(91)90063-U}
}


@book{wickham16,
  title = {Ggplot2: {{Elegant Graphics}} for {{Data Analysis}}},
  author = {Wickham, Hadley},
  date = {2016},
  publisher = {{Springer-Verlag New York}},
  url = {https://ggplot2.tidyverse.org},
  isbn = {978-3-319-24277-4}
}

@article{pyankovetal2010,
  title = {European Plants with {{C4}} Photosynthesis: Geographical and Taxonomic Distribution and Relations to Climate Parameters},
  shorttitle = {European Plants with {{C4}} Photosynthesis},
  author = {Pyankov, Vladimir and family=Ziegler, given=Hubert, given-i=Hubert and family=Akhani, given=Hossein, given-i=Hossein and family=Deigele, given=Claudia, given-i=Claudia and family=Lüttge, given=Ulrich, given-i=Ulrich},
  date = {2010-07-01},
  journaltitle = {Botanical Journal of the Linnean Society},
  shortjournal = {Botanical Journal of the Linnean Society},
  volume = {163},
  number = {3},
  pages = {283--304},
  issn = {0024-4074},
  doi = {10.1111/j.1095-8339.2010.01062.x}
}

@article{zabinski1959,
  title = {A Biological Indicator of the Buying Power of Money},
  author = {Żabiński, Z},
  date = {1959},
  journaltitle = {Roczniki Dziejów Sploecznych I Gospodarczych},
  shortjournal = {Roczniki Dziejów Sploecznych I Gospodarczych},
  volume = {20},
  pages = {37--53}
}

@article{reitsemaetal2013,
  title = {Human–Environment Interactions in Medieval {{Poland}}: A Perspective from the Analysis of Faunal Stable Isotope Ratios},
  shorttitle = {Human–Environment Interactions in Medieval {{Poland}}},
  author = {Reitsema, L. J. and Kozłowski, T. and Makowiecki, D.},
  date = {2013-10-01},
  journaltitle = {Journal of Archaeological Science},
  volume = {40},
  number = {10},
  pages = {3636--3646},
  issn = {0305-4403},
  doi = {10.1016/j.jas.2013.04.015}
}

@article{balasse2005,
  title = {Distinguishing Sheep and Goats Using Dental Morphology and Stable Carbon Isotopes in {{C4}} Grassland Environments},
  author = {Balasse, Marie and Ambrose, Stanley H.},
  date = {2005-05},
  journaltitle = {Journal of Archaeological Science},
  volume = {32},
  number = {5},
  pages = {691--702},
  issn = {03054403},
  doi = {10.1016/j.jas.2004.11.013}
}

@article{dawsonellis1996,
  title = {Diets of Mammalian Herbivores in {{Australian}} Arid, Hilly Shrublands: Seasonal Effects on Overlap between Euros (Hill Kangaroos), Sheep and Feral Goats, and on Dietary Niche Breadths and Electivities},
  author = {Dawson, Terence J and Ellis, Beverley A},
  date = {1996},
  journaltitle = {Journal of Arid Environments},
  volume = {34},
  number = {4},
  pages = {491--506},
  publisher = {Academic Press},
  issn = {0140-1963}
}

@article{papachristou1997,
  title = {Foraging Behaviour of Goats and Sheep on {{Mediterranean}} Kermes Oak Shrublands},
  author = {family=Papachristou, given=TG, given-i=TG},
  date = {1997},
  journaltitle = {Small Ruminant Research},
  volume = {24},
  number = {2},
  pages = {85--93},
  publisher = {Elsevier},
  issn = {0921-4488}
}


@article{gebertverheyden2001,
  title = {Variations of Diet Composition of {{Red Deer}} ({{Cervus}} Elaphus {{L}}.) in {{Europe}}},
  author = {Gebert, Claudia and Verheyden-Tixier, Hélène},
  date = {2001},
  journaltitle = {Mammal Review},
  volume = {31},
  number = {3-4},
  pages = {189--201},
  issn = {1365-2907},
  doi = {10.1111/j.1365-2907.2001.00090.x}
}

@article{smithepstein1970,
  title = {Biogeochemistry of the Stable Isotopes of Hydrogen and Carbon in Salt Marsh Biota},
  author = {Smith, Bruce N and Epstein, Samuel},
  date = {1970},
  journaltitle = {Plant physiology},
  shortjournal = {Plant physiology},
  volume = {46},
  number = {5},
  pages = {738--742},
  publisher = {American Society of Plant Biologists},
  issn = {1532-2548}
}

@article{luoetal2018,
  title = {Higher Capability of {{C3}} than {{C4}} Plants to Use Nitrogen Inferred from Nitrogen Stable Isotopes along an Aridity Gradient},
  author = {Luo, Wentao and Wang, Xiaoguang and Sardans, Jordi and Wang, Zhengwen and Dijkstra, Feike A. and Lü, Xiao-Tao and Peñuelas, Josep and Han, Xingguo},
  date = {2018-07-01},
  journaltitle = {Plant and Soil},
  volume = {428},
  number = {1},
  pages = {93--103},
  issn = {1573-5036},
  doi = {10.1007/s11104-018-3661-2}
}

@thesis{fletcher2005,
  title = {Holocene {{Landscape History}} of {{Southern Portugal}}},
  author = {Fletcher, W. J.},
  date = {2005},
  institution = {University of Cambridge}
}

@article{mouraetal2017,
  title = {Guadiana River Estuary},
  author = {Moura, Delminda and Gomes, Ana and Mendes, Isabel and Aníbal, Jaime},
  date = {2017},
  journaltitle = {Investigating the past, present and future},
  shortjournal = {Investigating the past, present and future}
}

@article{coulsonetal2005,
  title = {Recreating Atmospheric Sulphur Deposition Histories from Peat Stratigraphy: Diagenetic Conditions Required for Signal Preservation and Reconstruction of Past Sulphur Deposition in the {{Derbyshire Peak District}}, {{UK}}},
  author = {Coulson, Jonathan P and Bottrell, Simon H and Lee, John A},
  date = {2005},
  journaltitle = {Chemical Geology},
  volume = {218},
  number = {3-4},
  pages = {223--248},
  publisher = {Elsevier},
  issn = {0009-2541}
}

@article{mcardleetal1998,
  title = {An Isotopic Study of Atmospheric Sulphur at Three Sites in {{Wales}} and at {{Mace Head}}, {{Eire}}},
  author = {McArdle, Nicola and Liss, Peter and Dennis, Paul},
  date = {1998},
  journaltitle = {Journal of Geophysical Research: Atmospheres},
  volume = {103},
  number = {D23},
  pages = {31079--31094},
  publisher = {Wiley Online Library},
  issn = {0148-0227}
}

@article{normanetal2006,
  title = {Aerosol Sulphate and Its Oxidation on the {{Pacific NW}} Coast: {{S}} and {{O}} Isotopes in {{PM2}}. 5},
  author = {Norman, Ann-Lise and Anlauf, Kurt and Hayden, Katherine and Thompson, Bruce and Brook, Jeffrey R and Li, Shao-Meng and Bottenheim, Jan},
  date = {2006},
  journaltitle = {Atmospheric Environment},
  volume = {40},
  number = {15},
  pages = {2676--2689},
  publisher = {Elsevier},
  doi = {10.1016/j.atmosenv.2005.09.085},
  issn = {1352-2310}
}
